2275 3434
333 156 384 211 AD
408 155 681 212 PHILIPPENSES.
771 153 921 222 2,96-3,8.

117 318 344 383 ionem-meum,
370 320 497 371 vestrum
524 319 621 370 autem
640 315 817 385 apostolum,
842 318 870 369 et

116 395 282 450 ministrum
300 397 484 452 necessitatis
501 413 597 464 meae,
616 396 730 450 mittere
750 394 869 460 advos:

118 478 124 515 ¹
139 477 276 546 quoniam
294 476 409 547 quidem
429 493 527 532 omnes
545 493 599 532 vos
619 475 814 531 desiderabat:
842 480 871 529 et
889 478 924 528 26

116 560 249 611 moestus
268 562 339 625 erat,
356 561 510 626 propterea
528 556 605 627 qudd
621 555 777 610 audieratis
792 555 870 610 illum

116 637 302 692 infirmatum.
339 637 411 692 Nam
431 643 461 692 et
479 637 640 692 infirmatus
659 640 704 691 est
723 651 814 705 usque
834 633 870 690 ad
889 637 924 689 27

110 721 255 786 mortem:
288 717 339 772 sed
364 717 446 778 Deus
473 715 609 772 misertus
637 722 682 772 est
710 716 785 770 cius:
813 732 870 770 non

118 799 213 854 solum
227 802 324 853 autem
338 799 409 866 eine,
429 816 528 853 verum
543 797 630 852 etiam
645 801 674 852 et
687 797 753 863 mei,
771 812 807 851 ne
822 796 871 850 tri·

117 879 230 936 stitiam
243 895 330 949 super
343 879 492 934 tristitiam
506 879 650 934 haberem.
674 876 870 932 Festinantius
890 879 924 930 28

117 977 188 1030 ergo
207 961 272 1015 misi
291 961 383 1027 illum,
401 963 434 1015 nt
451 960 514 1015 viso
533 977 567 1014 eo
587 959 691 1014 iterum
709 956 870 1028 gaudeatis„

117 1045 148 1096 et
168 1057 222 1109 ego
235 1041 299 1096 sine
312 1041 433 1096 tristitia
445 1041 509 1096 sim.
534 1040 666 1109 Excipite
680 1039 777 1108 itaque
791 1039 870 1093 iilum
889 1040 973 1116 2913<
987 1057 1043 1094 aa.

118 1138 184 1176 cum
212 1122 289 1176 omni
315 1120 420 1191 gaudio
448 1122 477 1175 in
504 1121 643 1188 Domino,
671 1124 701 1174 et
731 1117 870 1173 eiusmodi
935 1101 1029 1142 ’Μ’

118 1219 184 1256 cum
203 1201 309 1256 honore
329 1202 473 1256 habetote
508 1201 643 1270 quoniam
662 1203 780 1270 propter
798 1215 870 1268 opus
890 1200 925 1250 30

118 1282 227 1337 Christi
242 1299 333 1352 usque
348 1282 385 1337 ad
398 1284 520 1336 mortem
530 1281 663 1348 accessit,
677 1280 795 1335 tradens
811 1279 870 1334 ani·

117 1379 196 1417 marn
216 1380 298 1417 suam
317 1366 350 1417 ut
364 1363 496 1432 impleret
513 1361 551 1430 id,
571 1361 648 1432 quod
667 1379 702 1416 ex
722 1359 804 1415 vobis
823 1359 870 1414 de·

118 1447 184 1499 erat
203 1460 271 1512 erga
290 1459 385 1497 meum
406 1443 584 1512 obsequium.

93 1534 109 1577 9
139 1572 144 1578 .
192 1523 235 1579 De
254 1528 350 1578 cetero
367 1522 472 1579 iratres
485 1523 542 1577 mei
556 1522 681 1592 gaudete
696 1523 725 1576 in
738 1522 869 1576 Domino.
890 1509 910 1581 3
934 1539 984 1580 aa,
998 1540 1034 1578 aa.

117 1603 228 1660 Eadem
247 1604 329 1659 vobis
355 1605 491 1671 scribere,
516 1603 588 1658 mihi
613 1602 728 1672 quidem
753 1619 810 1658 non
828 1603 870 1671 pi·
938 1609 941 1616 '

116 1701 212 1755 grum,
230 1685 312 1738 vobis
331 1688 429 1739 autern
447 1683 651 1738 necessarium.

81 1775 112 1818 10
161 1796 165 1802 -
192 1764 294 1820 Videte
312 1781 408 1831 canes,
426 1764 523 1819 videte
541 1764 632 1817 malos
652 1762 811 1832 operarios,
829 1762 870 1815 vi·
889 1763 906 1813 2
934 1777 963 1821 ap
976 1780 1034 1820 mu.

119 1847 186 1901 dete
206 1846 406 1900 concisionem.
442 1844 502 1899 Nos
527 1843 603 1897 enim
629 1859 728 1897 sumus
752 1843 870 1896 circum·
889 1843 905 1893 3
934 1859 1011 1901 nean
1027 1861 1083 1899 aas.

120 1927 199 1994 cisio,
214 1926 264 1996 qui
277 1925 380 1995 spiritu
394 1925 535 1979 servimus
545 1924 616 1990 Deo,
631 1926 660 1977 et
673 1923 828 1991 gloriamur
841 1922 869 1976 in

123 2005 235 2062 Christo
245 2007 318 2074 lesu,
329 2009 358 2060 et
372 2005 468 2060 nonin
480 2020 567 2059 carne
577 2002 711 2057 fiduciam
720 2003 870 2069 habentes,

122 2103 293 2157 quamquam
302 2085 485 2156 egohabeam
493 2083 695 2138 confidentiam
704 2082 768 2137 etin
777 2099 869 2138 carne.
889 2083 907 2134 4
934 2100 974 2132 arr
988 2101 1074 2141 naam.

84 2174 111 2219 11
122 2167 172 2222 *Si
181 2167 246 2236 quis
255 2168 327 2222 alius
334 2166 447 2221 videtur
456 2164 598 2221 confidere
608 2164 637 2218 in
647 2180 742 2229 carne,
749 2179 802 2231 ego
812 2180 871 2216 ma·

117 2247 381 2317 gie,¹circmncisus
391 2250 493 2301 octavo
503 2245 559 2312 die,
569 2259 719 2314 exgenere
729 2243 825 2311 Israel,
835 2242 870 2297 de
890 2244 906 2294 5
933 2257 1029 2300 Actaea.

118 2328 197 2383 tribu
212 2328 371 2395 Beniamin,
386 2326 537 2381 Hebraeus
555 2342 592 2380 ex
606 2324 754 2391 Hebraeis,
770 2338 870 2378 secun·
934 2306 950 2337 ¹¹
963 2307 1013 2345 ¹¹⁵⁹³
1026 2305 1073 2345 ²³²¹·

117 2407 187 2463 dum
206 2409 299 2477 legem
317 2406 504 2473 pharisaeae,
528 2404 687 2459 secundum
705 2402 870 2458 aemulatio·
886 2405 906 2455 ’6

117 2505 185 2542 nem
199 2503 376 2557 persequens
384 2487 541 2541 Ecclesiam
550 2486 612 2553 Dei,
624 2483 780 2539 secundum
790 2483 870 2537 iusti-

117 2568 199 2636 tiam,
209 2584 283 2638 quae
292 2568 322 2621 in
331 2567 395 2637 lege
405 2570 459 2634 est,
469 2569 657 2620 conversatus
667 2564 729 2619 sine
740 2564 870 2633 querela:

119 2648 179 2703 Sed
197 2665 272 2718 quae
290 2647 359 2701 mihi
378 2641 495 2701 inerunt
513 2647 601 2714 lucra,
621 2645 692 2700 haec
712 2644 870 2700 arbitratus
890 2645 906 2694 7
935 2661 963 2694 m
975 2662 1062 2701 amaa.
1126 2705 1127 2714 ἵ

119 2745 184 2783 sum
203 2732 321 2798 propter
340 2727 485 2781 Christum
504 2726 684 2780 detrimenta.
722 2724 870 2779 Verumta·
890 2725 907 2774 8

119 2826 186 2863 men
200 2808 333 2864 existimo
348 2808 444 2862 omnia
458 2807 659 2862 detrimentum
675 2821 739 2860 esse
754 2808 871 2875 propter

172 2922 200 2960 26
215 2935 239 2948 -
250 2916 331 2959 autem
344 2914 371 2958 2⁰
384 2915 409 2954 A
427 2915 430 2967 Ι
450 2913 567 2958 (mittens
581 2911 612 2967 ᾖ)
653 2918 680 2958 26
694 2910 819 2956 audieritis
835 2909 871 2950 ΙΝ

120 2976 146 3012 27
156 2970 281 3012 -et10F
296 2975 323 3012 28
333 2968 492 3017 (festinatius)
504 2971 508 3019 Ι
519 2965 646 3011 tristitiam
655 2967 679 3006 F
695 2973 721 3010 29
730 2965 841 3018 habitote
848 2965 871 3004 A

173 3024 213 3077 3,1
227 3023 367 3074 gaaditas
392 3021 495 3066 avidite
509 3020 736 3073 terFtcaunesF1
762 3018 870 3068 3>deo

121 3088 183 3121 serr.
226 3079 339 3128 cetego
354 3075 673 3130 gl-etfflcamemffl
701 3073 739 3118 uis
754 3076 835 3116 autem
848 3073 873 3112 F

121 3133 236 3174 coctam
251 3128 374 3181 &Amet
388 3128 418 3171 de
433 3131 459 3169 F
509 3132 563 3171 aet
577 3127 681 3180 existed
705 3129 728 3168 A

481 3207 523 3252 505
