2275 3434
219 144 379 209 lala-29.
457 143 657 198 SECVNDVM
683 143 815 198 Lvuuu.

218 305 251 357 15
271 303 365 357 lunius
392 303 469 358 hunc
493 321 613 373 regnare
639 321 727 374 super
750 321 811 358 noe.
849 305 885 358 Et
912 304 1025 358 factum

272 387 368 438 estut
387 384 493 439 rediret
511 389 631 453 accepto
651 401 753 453 regno:
773 387 803 439 et
820 385 905 438 iussit
924 384 1027 438 vocari

271 480 386 530 servos,
419 465 524 533 quibus
557 464 637 520 dedit
668 465 835 533 pecuniam,
869 467 902 518 ut
934 464 1026 520 sciret

218 546 251 598 16
271 548 410 612 quantum
446 545 568 614 quisque
602 546 769 615 negotiatus
804 547 889 600 esset.
936 545 1026 600 Venit

271 628 368 678 autern
404 625 513 693 primus
546 625 659 680 dicens:
697 625 834 692 Domine,
870 641 937 678 mna
971 629 1027 680 tua

148 727 205 766 ian.
218 710 249 759 17
271 703 369 758 decem
402 722 484 759 mnas
513 705 674 774 aequisivit.
717 706 754 760 Et
782 706 823 760 ait
849 705 907 759 illi:
939 704 1026 774 Euge

269 784 344 839 bone
363 801 454 852 serve,
479 787 546 854 quia
564 786 594 839 in
613 785 724 840 modico
745 786 825 840 fuisti
844 785 945 852 fidelia,
965 785 1026 839 eris

218 869 251 919 18
269 868 446 934 potestatem
464 866 575 920 habens
595 882 681 935 super
700 867 798 921 decem
814 866 956 921 civitates.
986 865 1027 920 Et

270 946 343 1000 alter
367 947 461 1012 venit,
487 945 601 1001 dicens:
627 947 764 1012 Domine,
788 963 855 1000 mna
880 949 933 1001 tua
951 945 1027 1000 fecit

217 1030 250 1080 19
270 1026 395 1095 quinque
414 1043 504 1081 mnas.
538 1027 575 1081 Et
593 1026 660 1081 huie
679 1027 733 1081 ait:
753 1025 790 1081 Et
808 1031 840 1081 tu
855 1029 918 1081 esto
934 1042 1026 1096 super

216 1110 252 1160 20
271 1107 397 1175 quinque
430 1106 573 1162 civitates.
616 1107 653 1162 Et
681 1109 755 1161 alter
781 1107 874 1174 venit,
907 1107 1024 1160 dicens:

270 1186 400 1253 Domine,
420 1203 486 1241 ecce
500 1205 568 1242 rnna
583 1192 642 1255 tua,
662 1205 748 1256 quam
762 1187 849 1242 habui
863 1186 1025 1256 repositam

216 1271 249 1320 21
270 1265 300 1318 in
314 1265 443 1320 sudario:
465 1267 548 1322 timui
563 1268 638 1322 enim
653 1272 691 1335 te,
706 1267 774 1337 quia
787 1267 871 1322 homo
887 1270 1024 1322 austerus

270 1363 316 1400 es:
343 1346 419 1400 tollis
445 1347 522 1416 quod
547 1365 604 1402 non
627 1349 766 1417 posuisti,
792 1351 822 1402 et
839 1346 925 1402 metis
945 1347 1025 1417 quod

216 1431 251 1480 22
270 1443 327 1480 non
345 1427 503 1482 seminasti.
536 1428 614 1482 Dicit
633 1427 672 1482 ei:
693 1429 735 1482 De
755 1445 803 1483 ore
818 1432 867 1483 tuo
882 1431 911 1482 te
926 1427 1024 1483 iudico

270 1523 352 1561 serve
365 1524 499 1577 nequam.
519 1508 633 1562 sciebas
643 1508 719 1577 qudd
730 1525 783 1577 ego
793 1508 877 1563 homo
888 1512 1024 1563 austerus

270 1604 342 1655 sum,
361 1588 464 1643 tollens
483 1588 560 1657 quod
579 1605 636 1642 non
654 1589 747 1657 posui,
767 1593 796 1642 et
814 1593 925 1644 metens
946 1589 1024 1658 quod

216 1672 250 1721 23
269 1685 326 1721 non
345 1668 498 1722 seminavi:
528 1673 558 1722 et
577 1686 665 1738 quare
679 1686 737 1724 non
752 1669 856 1723 dedisti
870 1669 1022 1737 pecuniam

270 1763 364 1802 meam
384 1749 420 1803 ad
440 1765 579 1815 mensam,
597 1753 630 1803 ut
645 1765 698 1818 ego
713 1749 831 1803 veniens
846 1765 911 1803 cum
925 1749 1019 1804 usuris

216 1832 251 1881 24
270 1828 369 1896 utique
388 1830 548 1898 exegissem
567 1829 664 1883 illam?
693 1829 730 1884 Et
749 1829 913 1884 astantibus
933 1829 1020 1884 dixit:

269 1908 387 1963 Auferte
407 1908 443 1961 ab
463 1909 510 1964 illo
530 1926 634 1976 mnam,
655 1913 684 1964 et
703 1909 770 1964 date
788 1909 837 1976 illi,
857 1908 906 1978 qui
922 1907 1022 1963 decern

216 1992 251 2043 25
270 2005 353 2042 mnas
371 1989 467 2043 habet.
504 1989 540 2043 Et
559 1989 694 2044 dixerunt
713 1991 753 2043 ei:
778 1989 913 2056 Domine,
933 1988 1022 2043 habet

46 2060 94 2121 ⁸2¹⁸)
109 2074 251 2124 »11111126
270 2068 369 2123 decern
394 2086 485 2123 mnas.
522 2070 594 2124 Dico
618 2066 715 2124 autem
733 2070 832 2135 vobiS,
858 2069 926 2138 quia
944 2058 1059 2138 omni?

270 2149 388 2203 habenti
407 2148 534 2217 dabitur,
558 2154 587 2203 et
607 2149 780 2204 abundabit:
805 2150 841 2203 ab
861 2165 894 2204 eo
914 2152 1021 2214 autem,

271 2229 319 2297 qui
343 2229 520 2296 nonhabet,
546 2234 576 2284 et
596 2230 672 2299 quod
690 2231 793 2296 habet,
817 2229 965 2284 auferetur
984 2229 1020 2284 ab

134 2358 149 2390 1,
169 2316 206 2391 ἐς·
217 2314 250 2364 27
271 2325 313 2363 eo.
344 2308 546 2364 Verumtamen
565 2310 695 2364 inimicos
715 2327 794 2364 meos
812 2309 885 2376 iilos,
905 2309 953 2379 qui
971 2299 1056 2378 ηο-ἷῗ

95 2368 206 2480 iiiiii}
270 2389 383 2443 luerunt
408 2406 453 2443 me
477 2406 597 2459 regnare
621 2407 770 2458 superse,
797 2389 930 2443 adducite
948 2389 1019 2444 huc:

171 2469 175 2490 ’
201 2468 206 2480 ’
272 2473 301 2523 et
320 2469 471 2523 interficite
492 2472 558 2523 ante
578 2487 632 2524 me.

97 2587 183 2622 m,
217 2554 251 2604 28
342 2548 378 2602 Ε1
392 2549 437 2602 his
452 2548 546 2615 dictis,
565 2548 758 2618 praecedebat
773 2549 932 2605 ascendens
946 2541 1055 2620 lero-²³2³

77 2634 206 2720 ,ffl‘lfflvffl-ffi:
216 2636 251 2686 29
271 2628 417 2695 solymam.
449 2628 486 2682 Et
497 2629 606 2682 factum
617 2633 670 2695 est,
683 2645 747 2682 curu
758 2628 1019 2698 appropinquasset

82 2722 206 2766 irum-n.
358 2751 366 2756 ,
482 2753 485 2755 ,

323 2806 349 2841 17
364 2803 386 2848 >
402 2798 443 2841 fid.
457 2797 528 2842 fuisti
554 2799 557 2851 Ι
584 2809 673 2853 supra,
688 2803 705 2840 it
720 2805 745 2840 19

323 2869 347 2904 21
363 2861 487 2914 autoris,
502 2866 519 2901 n
532 2868 559 2903 22

324 2932 350 2966 22
365 2928 388 2973 >
405 2925 470 2966 aust.
484 2921 556 2966 horno

323 2987 384 3040 aa&
401 2987 505 3028 -et10
531 2986 533 3037 Ι
559 2988 608 3035 ut]
625 2989 649 3028 et
674 2987 677 3038 1
703 2984 835 3039 exigissem
849 2984 915 3030 illud.

322 3053 349 3090 24
363 3046 443 3102 (we
456 3050 503 3090 ast.
514 3051 530 3101 ,t
603 3056 629 3090 ar
644 3071 667 3080 -
684 3051 709 3092 et
723 3047 859 3092 abundabit

322 3117 349 3153 21
362 3110 524 3163 hierosolyma

615 3190 655 3234 208
