2275 3434
308 158 507 216 SECVNDVM
532 160 707 217 IOANNEM.
754 162 922 232 7,59.-8,11.

117 319 229 373 faciat?
266 320 500 390 Responderunt,
520 327 550 378 et
568 322 702 378 dixerunt
720 324 761 378 ei:
781 324 867 379 Num·
887 328 961 380 5241.
973 349 1019 388 m.

119 399 185 468 quid
216 404 247 455 et
279 404 311 455 tu
339 400 484 457 Galilaeus
512 404 564 457 es?
611 403 746 459 Scrutare
774 403 868 474 Scrip-

931 391 961 424 rn
970 393 1058 433 cpi-1⁶.

118 484 206 548 turae,
227 484 257 535 et
278 480 343 535 vide
367 482 434 551 quia
458 500 475 536 a
494 482 624 539 Galilaea
646 485 789 553 propheta
810 502 869 539 non

115 561 217 629 surgit.
272 561 310 615 Et
348 563 456 617 reversi
495 567 563 618 sunt
602 565 799 634 unusquisque
839 566 868 619 in
888 570 1010 630 53n21‚sr
1020 599 1035 621 a.

116 639 234 695 domum
258 658 349 698 suam.

99 764 100 771 ,
123 752 127 761 ·
189 720 270 777 Iesus
294 726 391 777 autem
410 724 536 793 perrexit
554 725 584 779 in
602 729 728 780 montem
748 725 867 781 Oliveti:
887 719 909 791 8

118 804 147 855 et
166 800 291 857 diluculo
310 802 414 857 iterum
428 804 506 859 venit
523 805 552 859 in
565 806 712 874 templum,
732 810 762 861 et
776 808 868 861 omnis
887 813 905 863 2

114 883 242 950 populus
260 882 340 937 venit
359 884 396 937 ad
415 900 489 951 eum,
508 888 538 939 et
552 885 657 940 sedens
672 886 795 941 docebat
809 904 868 941 eos,

113 961 272 1017 Adducunt
297 966 393 1017 eutem
421 964 551 1033 Scribee,
580 969 610 1020 et
635 966 783 1021 Pharisaei
808 973 904 1023 mu=3

113 1043 217 1097 lierem
242 1042 271 1097 in
297 1042 437 1099 adulterio
462 1044 685 1113 deprehensam:
712 1051 741 1101 et
759 1051 868 1102 statue-

115 1126 182 1177 runt
204 1138 268 1177 eam
287 1124 316 1177 in
334 1124 438 1192 medio,
450 1126 455 1164 ¹
466 1128 495 1180 et
514 1124 648 1181 dixerunt
665 1127 703 1180 ei:
723 1127 868 1196 Magister,
886 1134 905 1184 4

115 1202 187 1257 haec
207 1203 310 1257 mulier
323 1203 408 1259 modo
422 1205 601 1275 deprehensa
615 1210 662 1261 est
675 1207 704 1260 in
719 1207 867 1263 adulterio.
930 1249 961 1282 LV
972 1249 994 1281 20
1003 1250 1031 1281 ¹0,

115 1283 146 1337 In
169 1284 235 1353 lege
256 1288 352 1340 eutem
371 1285 484 1354 Moyses
503 1286 652 1341 mondavit
669 1288 754 1342 nobis
772 1288 868 1342 huius·
887 1295 904 1346 5
931 1272 1067 1372 ξίξζξῖξξζῃ·

118 1363 194 1417 modi
220 1363 359 1433 lapidare.
396 1366 440 1420 Tu
468 1382 535 1435 ergo
564 1367 633 1435 quid
661 1367 756 1422 dicis?
781 1368 904 1427 'Hoce
994 1361 999 1380 '

120 1446 213 1499 autem
243 1443 378 1499 dicebant
405 1450 553 1501 tentantes
582 1464 660 1514 eum,
689 1451 722 1502 ut
748 1453 868 1517 possent

118 1540 255 1579 accusare
276 1541 348 1579 eum.
377 1526 457 1580 Iesus
475 1531 571 1582 eutem
586 1527 727 1582 inclinans
741 1546 773 1582 se
788 1528 868 1583 deor·

115 1621 194 1673 sum,
224 1604 318 1674 digito¹
344 1606 490 1661 scribebat
517 1607 545 1661 in
573 1612 659 1662 terra.
701 1607 773 1663 Cum
799 1619 903 1678 erg07
931 1632 1016 1674 mna.

113 1689 336 1753 perseverarent
362 1686 574 1755 interrogantes
602 1704 682 1754 eum,
710 1689 801 1743 erexit
827 1706 867 1755 se,

113 1769 143 1820 et
171 1765 245 1819 dixit
271 1766 327 1819 eis:
355 1766 410 1836 Qui
435 1767 497 1821 sine
522 1772 643 1835 peccato
667 1772 713 1823 est
730 1772 867 1835 vestrum,

112 1847 227 1915 primus
252 1846 281 1900 in
307 1846 384 1901 iliam
409 1847 533 1916 lapidem
559 1848 666 1903 mittat.
702 1848 740 1903 Et
764 1849 867 1904 iterum
887 1860 903 1910 8

114 1944 143 1981 se
173 1926 333 1993 inclinans,
361 1928 507 1982 scrihebat
532 1929 560 1982 in
587 1932 673 1983 terra.
709 1929 903 1989 Audientem
931 1954 1027 1996 neren.

117 2012 214 2061 antem
233 2023 307 2061 unus
326 2012 393 2077 post
412 2024 500 2062 unum
518 2009 645 2076 exibant,
664 2010 834 2078 incipientes
850 2027 868 2063 a
930 1998 947 2029 Β
958 2000 1006 2040 ²¹²²

119 2086 290 2141 senioribus:
312 2090 340 2141 et
358 2089 497 2142 remansit
515 2090 594 2143 solus
612 2090 702 2157 Iesus,
722 2094 751 2143 et
766 2090 868 2144 mulier

115 2166 141 2221 in
160 2166 259 2222 medio
275 2171 364 2221 stans,
393 2167 513 2237 Erigens
528 2172 625 2223 autem
640 2186 673 2223 se
685 2170 775 2237 Iesus,
795 2170 867 2225 dixit
887 2181 928 2231 10*

115 2249 155 2301 ei:
172 2247 284 2315 Mulier,
303 2248 351 2301 ubi
366 2252 441 2316 sunt,
461 2249 554 2318 quite
569 2250 764 2305 accusabant?
782 2267 866 2305 nemo

117 2330 145 2381 te
163 2327 386 2383 condemnavit?
415 2328 494 2398 Quae
515 2329 599 2385 dixit:
618 2331 718 2398 Nemo,
736 2330 865 2385 Domine.
887 2341 978 2398 11⁶‚1r

118 2406 195 2463 Dixit
219 2412 318 2463 autem
336 2408 430 2463 Iesus:
454 2410 514 2464 Nec
533 2426 586 2479 ego
606 2415 635 2465 te
654 2411 865 2466 condemnabo:
926 2461 928 2464 .

117 2487 203 2555 Vade,
222 2493 253 2543 et
271 2489 329 2543 iam
348 2490 470 2559 amplius
489 2492 546 2544 noli
565 2509 693 2559 peccare.

168 2783 195 2819 52
210 2798 234 2809 -
251 2776 384 2835 scripturos
411 2778 414 2830 Ι
441 2780 463 2827 >
480 2778 563 2831 proph.
579 2790 594 2821 o
610 2779 678 2833 galil.

169 2848 210 2903 8‚o
224 2848 285 2891 haec

167 2923 278 2973 rorgo]
294 2921 376 2963 eutem

168 2991 283 3045 osam.
298 2992 359 3036 haec
385 2994 388 3046 Ι
414 2992 528 3037 exiebant
553 2995 557 3047 Ι
585 3014 608 3025 -
624 2994 692 3037 Iesus

169 3070 196 3105 10
212 3084 235 3095 -
252 3064 292 3115 qui
305 3066 330 3107 te
345 3076 444 3109 scens.-
690 3070 693 3078 ⁴

170 3137 387 3189 11>a1npiiam

480 3218 520 3261 255
