2275 3434
286 177 486 235 sncvnovn
511 148 686 233 rolnmn.
760 178 902 245 rar-re.

65 336 90 378 ut
99 340 317 411 Responderunt
336 341 362 395 ei
380 339 491 395 ludaei:
511 339 571 395 Nos
588 341 681 409 legem
699 338 847 405 habemus
866 342 882 391 7
910 349 1034 436 ffifffa'f*

100 425 129 476 et
153 421 311 476 secundum
336 422 427 490 legem
453 420 538 474 debet
561 420 647 487 mori,
673 418 847 489 quintilium

66 497 91 577 ’ζ’
100 502 152 557 Dei
184 518 216 556 sc
244 501 321 556 iecit.
385 500 457 555 Cum
485 516 553 569 ergo
581 500 710 555 audisset
736 498 883 554 Pilatus8

99 583 173 637 hune
192 598 368 648 sermonem,
393 582 485 651 magis
504 581 608 636 timuit.
645 580 682 635 Et
700 580 847 650 ingressus
866 585 883 634 9

99 666 142 717 est
169 662 345 732 praetorium
373 662 490 716 iterum:
519 665 547 716 et
576 661 648 716 dixit
676 660 713 716 ad
738 661 846 716 Ie'sum:

98 742 179 798 Unde
208 758 240 797 es
268 744 321 797 tu?
362 742 442 796 lesus
471 745 568 796 autem
596 758 765 812 responsum
789 758 847 796 non

66 819 176 901 {dedit
211 823 246 877 ei
283 822 360 877 Dicit
388 838 455 891 ergo
483 822 509 877 ei
537 822 662 877 Pilatus:
695 822 762 875 Mihi
789 827 901 879 nonio

98 904 242 973 loqueris?
261 903 356 957 nescis
375 902 442 973 quia
460 904 637 972 potestatem
650 902 744 957 habeo
758 902 847 957 cruci·

98 984 184 1053 ligere
209 987 253 1050 te,
281 988 310 1037 et
328 986 503 1053 potestatem
521 982 616 1037 habeo
634 982 777 1037 dimittere
795 984 846 1037 te?

97 1062 255 1133 Respondit
271 1063 365 1117 lesus:
386 1062 449 1117 Non
468 1062 590 1117 haberes
608 1066 783 1132 potestatem
798 1061 846 1117 ad·
867 1067 898 1122 ll
910 1077 1069 1123 numana.

98 1160 211 1198 versum
223 1160 268 1198 me
279 1145 374 1210 ullam,
389 1143 443 1197 nisi
453 1143 506 1199 tibi
517 1142 616 1198 datum
626 1146 705 1199 esset
715 1143 845 1213 desuper.

98 1224 255 1294 Propterea
274 1224 322 1294 qui
343 1241 388 1278 me
407 1222 526 1278 tradidit
543 1223 611 1291 tibi,
633 1224 727 1279 maius
745 1240 846 1293 pecca·

98 1309 156 1359 tum
171 1305 268 1359 habet.
293 1304 330 1359 Et
344 1303 446 1358 exinde
461 1304 619 1374 quaerebat
628 1304 738 1359 Pilatus
753 1304 846 1360 dimit·
867 1311 899 1361 12
908 1317 946 1355 Aet
958 1323 1004 1364 mr-

97 1389 156 1440 tere
179 1402 252 1439 eum.
291 1384 387 1439 ludaei
407 1388 503 1439 autem
522 1385 686 1440 clamabant
704 1384 845 1440 dicentes:

98 1465 127 1520 Si
135 1467 213 1520 huno
224 1465 353 1533 dimittis,
364 1482 420 1520 non
431 1480 462 1519 es
473 1465 582 1520 amicus
593 1464 734 1520 Caesaris,
754 1466 845 1520 omnis

98 1546 180 1613 enim,
200 1546 249 1616 qui
269 1562 300 1601 se
319 1562 416 1615 regem
435 1545 514 1613 lacit,
534 1545 705 1600 contradicit
720 1546 845 1601 Caesari.

97 1626 205 1681 Pilatus
237 1630 332 1681 autem
361 1642 425 1680 eum
454 1626 584 1680 audisset
610 1626 663 1681 hos
691 1642 845 1694 sermones
866 1632 899 1683 13

98 1707 217 1762 adduxit
237 1706 315 1761 foras
329 1706 434 1761 lesum:
456 1710 485 1761 et
499 1706 574 1761 sedit
589 1722 641 1775 pro
654 1707 797 1775 tribunali,
816 1708 845 1761 in

97 1788 165 1855 loco,
186 1787 237 1857 qui
256 1786 360 1842 dicitur
372 1786 575 1854 LithostrotoS‚
593 1787 734 1842 Hebraioe
748 1792 845 1842 autem

97 1868 259 1923 Gabbatha.
301 1866 369 1921 Erat
398 1871 494 1921 autem
522 1883 679 1937 paraseeve
707 1867 845 1935 Paschae,
865 1874 901 1924 14

97 1950 165 2003 hora
190 1948 275 2017 quasi
294 1951 389 2014 sexta,
414 1952 444 2003 et
462 1948 532 2003 dicit
550 1947 677 2001 ludaeis:
702 1948 776 2002 Ecce
795 1963 846 2001 rex

68 2016 200 2097 livester.
245 2028 286 2082 Illi
315 2032 411 2083 autem
438 2028 619 2083 clamabant:
647 2027 741 2095 Tolle,
769 2029 845 2095 tolle,
867 2033 927 2085 150.

69 2108 231 2194 'fficmoifige
264 2125 336 2163 eum.
381 2108 480 2163 *Dicit
508 2109 550 2163 eis
578 2107 706 2162 Pilatus:
738 2108 844 2177 Regem

97 2194 225 2245 vestrum
240 2188 421 2259 crucifigam?
445 2188 664 2258 Responderunt
678 2187 845 2242 Pontifices:

69 2257 156 2337 *ilion
182 2268 323 2323 habemus
346 2270 467 2339 Regem,
492 2270 547 2324 nisi
568 2268 729 2324 Caesarem.
766 2266 846 2322 Tunc
867 2274 901 2325 16
909 2245 1047 2333 κῖἷῖἔῗῖω.

68 2355 88 2435 ¹3³
97 2366 162 2420 ergo
173 2348 294 2404 tradidit
305 2350 345 2403 eis
356 2350 434 2405 illum
443 2354 476 2404 ut
486 2345 707 2419 crucifigeretur.
724 2350 737 2377 ⁸
744 2348 846 2403 Susoe-
908 2381 925 2413 L
935 2382 1034 2423 pm,

97 2434 200 2498 perunt
220 2434 317 2484 autem
335 2430 438 2499 lesum,
458 2435 487 2486 et
506 2430 673 2486 eduxerunt.

909 2336 940 2369 lle
952 2338 1050 2378 ispo-et.

166 2511 204 2564 Et
229 2511 361 2565 baiulans
388 2512 442 2565 sibi
467 2528 580 2566 omrem
607 2510 695 2566 exivit
719 2510 747 2564 in
772 2526 844 2577 enm,
866 2516 898 2567 17
909 2529 941 2565 cn
953 2534 1000 2575 ns.

98 2592 144 2660 qui
164 2590 270 2645 dicitur
289 2590 446 2659 Calvariae,
466 2594 568 2659 locum,
589 2591 729 2646 Hebraico
749 2595 845 2646 autem

70 2665 254 2745 'ssGolgothm
275 2671 324 2725 ubi
344 2672 544 2727 erucifixerunt
562 2688 636 2738 eum,
656 2672 708 2726 *et
728 2688 791 2725 cum
811 2688 845 2724 eo
866 2678 899 2727 18

20 2773 23 2826 ;
100 2752 168 2806 alios
187 2751 261 2806 duos
277 2751 342 2805 hinc
357 2756 385 2807 et
400 2751 473 2820 hinc,
492 2752 617 2806 medium
633 2755 728 2806 autem
742 2752 844 2806 Iesum.

20 2829 26 3032 l

149 2902 238 2947 edicit
318 2909 342 2946 11
358 2907 380 2954 >
397 2904 527 2947 essetdat.
554 2904 557 2956 l
584 2907 607 2953 >
622 2903 685 2946 trad.
701 2914 739 2946 me

151 2965 417 3017 ra-Rtl-enim
668 2985 670 2988 ·
744 2992 749 2999 κ

151 3035 177 3071 13
191 3031 241 3073 aut.
257 3032 265 3078 ]
281 3039 339 3083 ergo
366 3033 368 3080 l
393 3028 472 3073 locum
498 3030 501 3082 l
526 3028 681 3071 lithostrotus

152 3098 176 3134 15
191 3091 258 3135 Dixit
338 3099 364 3134 17
379 3113 402 3124 -
418 3094 498 3135 autem
535 3086 537 3091 ’

152 3161 177 3196 ra
192 3160 215 3204 >
232 3164 286 3197 cnm
301 3154 404 3199 crucidx.

460 3234 501 3277 ‘289
