2275 3434
225 116 365 184 13‚s-20.
440 115 639 173 SECVNDVM
664 113 840 171 IOANNEM.

188 297 216 329 n.
245 276 374 331 8nescls
400 275 500 343 niodo,
529 275 604 331 scies
630 279 728 331 sutem
750 266 862 345 postea.
898 274 977 329 Dicit
1004 275 1031 329 ei

280 356 396 411 Petrus:
415 355 479 411 Non
497 356 608 411 lavabis
627 355 696 410 mihi
714 355 805 425 pedes
822 356 852 410 in
871 360 1029 411 aeternum.

280 435 439 505 Respondit
464 436 490 491 ei
515 436 609 491 lesus:
639 435 669 491 Si
695 454 753 491 non
777 436 874 491 lavero
900 439 945 503 te,
970 453 1030 491 uon

238 524 262 573 ,9
280 516 401 571 habebis
426 521 539 585 pa1tem
561 532 680 571 mecum.
717 516 794 571 Dicit
813 516 840 571 ei
858 516 959 571 Simon
975 516 1032 571 Pe-

280 600 356 653 trus:
382 596 517 663 Domine,
542 614 600 652 non
617 600 731 653 tantum
749 596 839 666 pedes
857 613 954 664 meos,
977 597 1032 652 sed

170 699 216 740 ne.
229 683 262 734 10
281 682 440 745 simoniis,
459 681 488 734 et
507 681 602 747 caput.
629 676 707 733 Dicit
725 677 752 732 ei
766 678 861 733 Iesus:
881 678 937 747 Qui
953 678 1032 733 lotus

281 762 339 825 est,
365 774 421 813 non
441 757 549 828 indiget
567 758 624 813 nisi
640 762 674 813 ut
691 758 781 827 pedes
799 758 894 825 lavet,
912 758 966 813 sed
983 762 1032 813 est

280 838 404 893 mundus
421 842 509 893 totus
546 838 583 892 Et
600 855 654 894 vos
671 837 771 893 mundi
789 838 876 906 estis,
901 838 955 893 sed
972 856 1032 894 uon

109 941 216 983 amnon.
228 924 260 976 11
280 936 387 974 onmes.
424 918 540 975 Sciebat
561 918 637 973 enim
655 918 789 988 quisnam
807 922 885 975 esset
904 919 954 988 qui
972 923 1033 975 tra·

281 998 361 1055 deret
380 1016 459 1055 eum:
478 1004 632 1070 propterea
651 999 737 1054 dixit:
757 998 821 1054 Non
840 998 912 1055 estis
930 999 1032 1055 mundi

228 1086 261 1137 12
281 1096 388 1135 omnes.
460 1080 618 1150 Postqudm
637 1096 705 1149 ergo
723 1080 794 1135 lavit
812 1079 902 1149 pedes
921 1097 1032 1147 eorum,

281 1164 310 1215 cl
335 1161 447 1230 accepit
472 1162 645 1216 vestimenta
670 1176 739 1215 sua:
765 1177 829 1215 cum
848 1161 1032 1217 recubuisset

281 1240 398 1308 iterum,
423 1240 494 1297 dixit
513 1241 569 1297 eis:
596 1240 683 1296 Scitis
702 1240 771 1311 quid
790 1240 907 1295 fecerim
925 1241 1032 1297 vobis?

100 1342 128 1375 m
139 1343 216 1384 man.
228 1327 261 1379 13
280 1321 337 1377 Vos
356 1321 467 1377 vocetis
486 1338 531 1376 me
545 1321 690 1391 Magister,
709 1325 739 1377 et
751 1321 886 1376 Domine:
907 1326 938 1377 et
955 1308 1068 1388 bene}⁵
1128 1334 1130 1341 ·

131 1422 148 1481 ¹¹.
158 1424 217 1464 een.
229 1408 263 1460 14
281 1401 389 1457 dicitis:
415 1419 478 1457 sum
502 1402 616 1457 etenim.
654 1401 686 1457 Si
705 1418 772 1471 ergo
791 1418 845 1472 ego
863 1402 921 1457 lavi
939 1402 1067 1487 pedes}

123 1468 217 1555 {33:222
281 1487 401 1549 vestroe,
420 1483 568 1550 Dominus,
588 1486 617 1537 et
630 1482 780 1553 Magister:
800 1486 830 1537 et
847 1499 900 1537 vos
917 1482 1031 1539 debetis

58 1582 217 1625 visandan.
227 1565 262 1620 15
281 1564 353 1619 alter
377 1562 494 1618 alterius
517 1563 614 1617 levare
631 1562 729 1633 pedes.
765 1562 937 1632 Exemplum
955 1564 1032 1619 enim

123 1627 216 1670 ΠΨ·
281 1643 347 1699 dedi
365 1643 460 1710 nobie,
480 1647 512 1698 ut
531 1642 771 1713 quemadmodum
789 1658 842 1713 ego
862 1642 919 1698 feci
938 1644 1032 1711 vobis,

120 1743 148 1777 m
160 1744 217 1786 om.
228 1729 262 1782 16
281 1724 323 1779 ita
341 1726 370 1778 et
388 1739 440 1777 vos
459 1722 582 1787 faciatis.
619 1723 726 1791 Amen,
744 1740 827 1778 amen
846 1722 911 1778 dico
930 1723 1030 1780 vobis:
1041 1722 1067 1803 ³:⁸-

132 1823 217 1867 mvm.
282 1804 343 1859 Nou
371 1806 416 1857 est
443 1819 543 1859 servus
572 1804 663 1859 maior
689 1803 811 1859 Domino
839 1820 906 1859 suo:
937 1822 1032 1876 neque

132 1870 217 1955 {23:321
228 1890 261 1942 17
282 1885 429 1953 apostolus
454 1884 545 1939 maior
568 1888 614 1940 est
636 1900 683 1951 eo,
709 1884 758 1954 qui
775 1884 855 1939 misit
872 1884 961 1941 illum.
999 1886 1031 1941 Si

122 1983 147 2017 e·
158 1985 217 2027 nno.
228 1968 263 2021 18
280 1964 455 2032 hammitis,
474 1965 553 2021 besti
568 1964 648 2020 eritis
663 1965 688 2019 si
702 1964 829 2020 feceritis
844 1981 887 2019 ea
914 1964 982 2021 Non
995 1963 1068 2043 deff

281 2045 412 2100 omnibus
430 2045 513 2101 vobis
533 2044 610 2100 dico:
636 2062 691 2115 ego
709 2044 768 2101 scio
787 2061 860 2115 quos
878 2046 1031 2117 elegerim:

281 2126 332 2181 sed
351 2128 383 2181 ut
402 2124 592 2195 adimpleatur
611 2125 773 2195 Scriptura:
799 2125 853 2195 Qui
871 2126 1031 2183 manducat

280 2223 391 2261 meeum
410 2222 529 2276 panem,
554 2206 662 2261 levabit
681 2209 781 2261 contra
798 2222 844 2260 me
862 2206 1031 2263 calcaneum

160 2307 217 2347 nne.
229 2288 262 2339 19
281 2304 372 2341 suum.
405 2285 514 2341 muodo
534 2286 597 2341 dico
615 2286 706 2353 vobis,
725 2286 892 2356 priusquim
910 2286 978 2343 fiat:
999 2291 1032 2342 ut

282 2383 346 2421 cum
371 2366 480 2422 iactum
503 2366 605 2434 luerit,
631 2365 770 2433 credatiS,
796 2366 864 2436 quia
882 2382 937 2436 ego
956 2384 1030 2423 sum.

121 2450 263 2508 llt10,t⁰.20
281 2447 380 2513 Amen,
400 2462 482 2501 amen
502 2446 564 2501 dico
583 2446 680 2501 vobis:
703 2446 758 2516 Qui
777 2446 881 2517 accipit
899 2446 925 2501 si
944 2465 1030 2517 quem
1041 2445 1068 2527 ’ξ’

281 2526 394 2595 misero,
413 2543 458 2581 me
477 2526 596 2595 accipit:
616 2527 664 2595 qui
679 2530 776 2581 autem
789 2543 835 2581 me
850 2526 965 2597 accipit,
984 2545 1032 2583 sc·

333 2775 466 2827 8>iesus
481 2774 504 2819 ci
528 2774 532 2829 Ι
556 2774 634 2820 bobes

334 2846 361 2883 10
374 2838 450 2891 indlg.
465 2838 493 2881 ut
505 2837 574 2882 lavet
598 2838 602 2892 1
628 2838 694 2890 ssd]
710 2838 730 2894 5
745 2839 771 2883 ot

335 2900 476 2955 zen-et
501 2900 505 2953 1
530 2900 651 2955 §suaet

335 2960 495 3005 m-mw

334 3030 361 3067 18
373 3022 502 3077 implectur
526 3024 530 3079 Ι
554 3024 647 3070 levavit

335 3093 360 3129 19
376 3088 398 3137 >
415 3084 478 3131 cred.
494 3097 515 3131 c.
530 3085 546 3131 f.
562 3085 634 3131 fuerit

624 3166 667 3210 274
