2275 3434
168 115 171 124 ‘
265 135 465 194 sacvunvu
486 137 648 192 unauvu.
686 137 871 203 10,4a-11,a.
946 208 947 215 Ν

64 301 180 355 dicere:
213 300 279 354 Iesu
306 299 345 354 fili
373 298 482 365 David,
510 297 646 352 miserere
673 297 737 353 mei.
783 296 820 350 Et
838 299 874 348 48

64 380 319 436 comminabantur
345 380 371 434 ei
396 379 478 434 multi
505 382 536 432 ut
562 382 680 433 taceret.
717 379 756 432 At
774 378 821 432 ille

64 462 159 516 multo
185 461 279 530 magis
303 460 462 514 clamabat:
489 458 542 512 Fili
566 457 662 512 David
684 458 820 512 miserere

64 542 133 596 mei.
172 541 209 595 Et
234 544 316 595 stans
342 540 422 594 Iesus
447 538 595 608 praecepit
618 539 696 594 illurn
715 537 820 592 vocari.
839 539 874 588 19

65 623 104 676 Et
129 625 236 676 vocant
262 637 379 674 caecum
403 618 531 674 dicentes
551 619 592 672 ei:
619 617 822 686 Animaequior

67 707 148 756 esto:
178 717 277 771 surge,
305 702 392 754 vocat
419 704 456 755 te.
499 699 554 768 Qui
581 699 709 767 proiecto
734 699 822 752 vesti·
841 699 876 750 50

67 786 168 838 niente
189 799 241 836 suo
257 781 385 846 exiliens»,
404 780 483 834 venit
498 778 534 833 ad
550 795 622 832 eum.
655 777 692 833 Et
705 795 822 847 respon·
841 779 874 830 51

69 863 142 917 dens
162 863 242 916 Iesus
269 861 341 916 dixit
367 860 421 914 illi:
449 859 523 928 Quid
548 859 602 913 tibi
626 859 670 912 vis
696 859 822 913 faciam?

71 942 185 996 Caecus
206 945 302 996 autem
321 940 393 994 dixit
413 940 453 993 ei:
480 938 626 1004 Rabboni‚
650 941 682 992 ut
700 937 822 992 videam.

72 1023 155 1076 iesus
170 1024 267 1075 autem
282 1019 322 1074 ait
337 1021 390 1074 illi:
410 1019 498 1088 Vade,
517 1019 589 1073 fides
604 1022 655 1073 tua
668 1022 698 1073 te
712 1019 823 1073 salvum
842 1019 876 1070 52

74 1100 153 1156 fecit.
191 1100 228 1155 Et
247 1100 397 1155 confestim
416 1099 496 1166 vidit,
516 1102 544 1153 et
563 1100 740 1168 sequebatur
758 1115 823 1153 eum

75 1199 103 1234 in
123 1198 179 1235 via.

35 1255 63 1336 ¹2⁷
147 1259 183 1315 Et
202 1277 267 1314 cum
286 1259 549 1330 appropinquarent
566 1260 770 1328 lerosolymae,
794 1262 823 1313 et
838 1230 1004 1320 fluidi-²⁹.
1040 1298 1042 1302 .

72 1341 234 1396 Bethaniae
260 1341 296 1395 ad
315 1341 439 1395 Mentem
463 1341 618 1408 olivarum,
642 1340 733 1395 mittit
751 1339 823 1393 duos
886 1322 1012 1409 ἓῗξζῖξῖῗὲ

75 1439 112 1476 ex
126 1421 274 1490 discipulis
289 1421 357 1488 suis
370 1422 374 1459 ¹
386 1424 415 1475 et
430 1421 471 1475 ait
485 1420 552 1474 illis:
567 1420 610 1475 lte
623 1421 654 1474 in
666 1420 823 1486 castellum,
842 1420 860 1471 2

76 1501 152 1571 quod
178 1504 278 1556 contra
302 1519 354 1556 vos
380 1506 439 1570 est,
466 1504 495 1556 et
520 1501 620 1555 statim
646 1501 824 1555 introeuntes
886 1517 973 1560 aaa.

75 1584 154 1650 illuc,
177 1582 329 1637 invenietis
348 1582 457 1651 pullum
475 1581 610 1650 ligatum,
635 1597 722 1650 super
740 1597 824 1650 quem

75 1679 158 1716 nemo
179 1661 271 1716 adhuc
289 1662 436 1717 hominum
455 1661 543 1716 sedit:
564 1661 666 1715 solvite
685 1660 776 1727 illum,
796 1664 824 1714 et

76 1742 218 1798 adducite.
237 1742 274 1797 Et
287 1743 311 1796 si
324 1742 388 1812 quis
400 1743 483 1796 vobis
494 1741 610 1796 dixerit:
625 1741 699 1810 Quid
709 1741 824 1795 facitis?
843 1741 860 1791 3
885 1768 946 1814 tau·

75 1822 176 1889 dicite,
200 1822 266 1892 quia
285 1822 407 1876 Domino
426 1821 608 1876 necessarius
627 1825 686 1875 est:
712 1825 741 1876 et
760 1837 825 1874 con-

40 1897 156 1977 ‘Jtinuo
183 1902 262 1956 ilium
290 1901 416 1956 dimittet
443 1902 506 1956 huc.
550 1901 588 1955 Et
616 1901 756 1955 abeuntes
783 1900 861 1953 in-4

77 1986 216 2037 venerunt
242 1983 350 2050 pullum
374 1983 494 2052 ligatum
521 1986 587 2036 ante
612 1981 728 2035 ianuam
754 1980 825 2034 foris

77 2063 106 2116 in
137 2062 228 2117 bivio:
263 2063 291 2115 et
322 2062 437 2116 solvunt
465 2078 537 2116 eum.
580 2061 617 2115 Et
645 2061 761 2138 quidam
789 2059 861 2113 ded

77 2143 134 2196 illic
165 2140 311 2197 stantibus
344 2140 478 2195 dicebant
510 2139 582 2194 illis:
621 2139 696 2209 Quid
728 2139 824 2192 facitis

77 2224 221 2278 solventes
254 2221 383 2290 pullum?
430 2221 484 2291 Qui
517 2220 651 2275 dixerunt
682 2219 723 2274 eis
751 2220 861 2273 sicut6

76 2305 264 2372 praeceperat
296 2301 351 2355 iliis
383 2302 479 2368 IesuS,
513 2303 541 2355 et
574 2300 743 2355 dimiserunt
775 2300 825 2354 eis,

76 2383 113 2439 Et
139 2382 281 2437 duxerunt
305 2383 413 2450 pullum
439 2381 476 2436 ad
493 2381 602 2435 iesum:
629 2384 658 2435 et
677 2380 826 2449 imponunt
845 2383 860 2432 7

77 2464 116 2517 illi
153 2462 326 2517 vestimenta
358 2479 427 2530 sua,
464 2465 493 2517 et
525 2458 601 2516 ¹sedit
633 2478 720 2530 super
752 2478 825 2515 eum.

77 2543 157 2598 Multi
190 2546 286 2597 autern
319 2542 491 2598 vestimenta
522 2559 575 2596 sua
603 2544 768 2596 straverunt
797 2541 862 2594 inss

131 2845 156 2880 47
171 2837 241 2887 >fili
256 2835 328 2880 dauid
342 2835 395 2878 iesu

132 2917 156 2952 51
173 2915 194 2960 >
211 2910 249 2953 vis
263 2907 311 2952 tibi

132 2981 172 3036 tta
188 2986 210 3031 >
227 2981 266 3024 est
280 2980 366 3022 contra
379 2988 424 3022 vos
450 2978 452 3031 Ι
478 2976 535 3021 illuc
551 2982 559 3028 ]
575 2978 634 3022 illud

132 3051 179 3105 a&
194 3050 273 3094 diruis.
289 3060 331 3093 eos

441 3179 481 3224 117
