<?xml version="1.0" encoding="UTF-8"?>
<!DOCTYPE html PUBLIC "-//W3C//DTD XHTML 1.0 Transitional//EN"
    "http://www.w3.org/TR/xhtml1/DTD/xhtml1-transitional.dtd">
<html xmlns="http://www.w3.org/1999/xhtml" xml:lang="en" lang="en">
 <head>
  <title>
</title>
<meta http-equiv="Content-Type" content="text/html;charset=utf-8" />
  <meta name='ocr-system' content='tesseract 3.04.00' />
  <meta name='ocr-capabilities' content='ocr_page ocr_carea ocr_par ocr_line ocrx_word'/>
</head>
<body>
  <div class='ocr_page' id='page_1' title='image "./novumtestamentu01nestgoog_0411.png"; bbox 0 0 2275 3434; ppageno 0'>
   <div class='ocr_carea' id='block_1_1' title="bbox 259 164 890 235">
    <p class='ocr_par' dir='ltr' id='par_1_1' title="bbox 259 164 890 235">
     <span class='ocr_line' id='line_1_1' title="bbox 259 164 890 235; baseline 0.003 -16"><span class='ocrx_word' id='word_1_1' title='bbox 259 165 378 221; x_wconf 87' lang='lat' dir='ltr'>AGTVS</span> <span class='ocrx_word' id='word_1_2' title='bbox 401 164 686 222; x_wconf 86' lang='lat' dir='ltr'>APOSTOLORVM.</span> <span class='ocrx_word' id='word_1_3' title='bbox 730 166 890 235; x_wconf 80' lang='lat' dir='ltr'>28‚18-ao.</span> 
     </span>
    </p>
   </div>
   <div class='ocr_carea' id='block_1_2' title="bbox 84 327 1053 2388">
    <p class='ocr_par' dir='ltr' id='par_1_2' title="bbox 84 327 1018 635">
     <span class='ocr_line' id='line_1_2' title="bbox 84 327 839 397; baseline 0 -16"><span class='ocrx_word' id='word_1_4' title='bbox 84 343 197 381; x_wconf 87' lang='lat' dir='ltr'>rnorem</span> <span class='ocrx_word' id='word_1_5' title='bbox 234 330 400 395; x_wconf 87' lang='lat' dir='ltr'>paternum,</span> <span class='ocrx_word' id='word_1_6' title='bbox 437 327 551 382; x_wconf 88' lang='lat' dir='ltr'>vinctus</span> <span class='ocrx_word' id='word_1_7' title='bbox 589 327 626 380; x_wconf 89' lang='lat' dir='ltr'>ab</span> <span class='ocrx_word' id='word_1_8' title='bbox 659 328 839 397; x_wconf 84' lang='lat' dir='ltr'><strong>[erosolymis</strong></span> 
     </span>
     <span class='ocr_line' id='line_1_3' title="bbox 85 406 1018 475; baseline -0.002 -13"><span class='ocrx_word' id='word_1_9' title='bbox 85 406 214 462; x_wconf 88' lang='lat' dir='ltr'>traditus</span> <span class='ocrx_word' id='word_1_10' title='bbox 235 408 298 461; x_wconf 88' lang='lat' dir='ltr'>sum</span> <span class='ocrx_word' id='word_1_11' title='bbox 317 406 346 460; x_wconf 92' lang='lat' dir='ltr'>in</span> <span class='ocrx_word' id='word_1_12' title='bbox 365 424 468 462; x_wconf 85' lang='lat' dir='ltr'>manus</span> <span class='ocrx_word' id='word_1_13' title='bbox 486 406 688 474; x_wconf 86' lang='lat' dir='ltr'>Romanorum,</span> <span class='ocrx_word' id='word_1_14' title='bbox 707 408 756 475; x_wconf 92' lang='lat' dir='ltr'>qui</span> <span class='ocrx_word' id='word_1_15' title='bbox 775 424 840 462; x_wconf 89' lang='lat' dir='ltr'>cum</span> <span class='ocrx_word' id='word_1_16' title='bbox 860 411 894 462; x_wconf 88' lang='lat'>18</span> <span class='ocrx_word' id='word_1_17' title='bbox 905 428 930 461; x_wconf 66' lang='lat' dir='ltr'>ce</span> <span class='ocrx_word' id='word_1_18' title='bbox 942 429 1018 470; x_wconf 63' lang='lat' dir='ltr'>sarri.</span> 
     </span>
     <span class='ocr_line' id='line_1_4' title="bbox 85 474 951 556; baseline 0.001 -15"><span class='ocrx_word' id='word_1_19' title='bbox 85 487 344 556; x_wconf 81' lang='lat' dir='ltr'>interrogationem</span> <span class='ocrx_word' id='word_1_20' title='bbox 368 487 403 541; x_wconf 92' lang='lat' dir='ltr'>de</span> <span class='ocrx_word' id='word_1_21' title='bbox 422 504 468 541; x_wconf 90' lang='lat' dir='ltr'>me</span> <span class='ocrx_word' id='word_1_22' title='bbox 487 488 670 555; x_wconf 78' lang='lat' dir='ltr'>habuissent,</span> <span class='ocrx_word' id='word_1_23' title='bbox 689 488 840 542; x_wconf 87' lang='lat' dir='ltr'>voluerunt</span> <span class='ocrx_word' id='word_1_24' title='bbox 903 474 951 515; x_wconf 81' lang='lat'>³’¹³&#39;</span> 
     </span>
     <span class='ocr_line' id='line_1_5' title="bbox 85 567 840 635; baseline 0 -14"><span class='ocrx_word' id='word_1_25' title='bbox 85 585 132 622; x_wconf 90' lang='lat' dir='ltr'>me</span> <span class='ocrx_word' id='word_1_26' title='bbox 148 567 302 634; x_wconf 78' lang='lat' dir='ltr'>dimittere,</span> <span class='ocrx_word' id='word_1_27' title='bbox 323 583 356 621; x_wconf 94' lang='lat' dir='ltr'>eo</span> <span class='ocrx_word' id='word_1_28' title='bbox 376 567 452 635; x_wconf 85' lang='lat' dir='ltr'>qubd</span> <span class='ocrx_word' id='word_1_29' title='bbox 471 569 549 622; x_wconf 91' lang='lat' dir='ltr'>nulla</span> <span class='ocrx_word' id='word_1_30' title='bbox 568 570 647 622; x_wconf 89' lang='lat' dir='ltr'>esset</span> <span class='ocrx_word' id='word_1_31' title='bbox 664 584 753 622; x_wconf 87' lang='lat' dir='ltr'>causa</span> <span class='ocrx_word' id='word_1_32' title='bbox 767 585 840 622; x_wconf 94' lang='lat' dir='ltr'>mor·</span> 
     </span>
    </p>

    <p class='ocr_par' dir='ltr' id='par_1_3' title="bbox 86 646 963 797">
     <span class='ocr_line' id='line_1_6' title="bbox 86 646 963 713; baseline -0.001 -11"><span class='ocrx_word' id='word_1_33' title='bbox 86 650 125 703; x_wconf 90' lang='lat' dir='ltr'>tis</span> <span class='ocrx_word' id='word_1_34' title='bbox 152 648 181 702; x_wconf 93' lang='lat' dir='ltr'>in</span> <span class='ocrx_word' id='word_1_35' title='bbox 207 664 260 701; x_wconf 85' lang='lat' dir='ltr'>me.</span> <span class='ocrx_word' id='word_1_36' title='bbox 300 646 571 703; x_wconf 86' lang='lat' dir='ltr'>Contradicentibus</span> <span class='ocrx_word' id='word_1_37' title='bbox 596 652 693 703; x_wconf 87' lang='lat' dir='ltr'>autem</span> <span class='ocrx_word' id='word_1_38' title='bbox 718 647 840 713; x_wconf 71' lang='lat' dir='ltr'>Iudaeis</span> <span class='ocrx_word' id='word_1_39' title='bbox 861 652 894 702; x_wconf 85' lang='lat'>19</span> <span class='ocrx_word' id='word_1_40' title='bbox 904 670 963 711; x_wconf 68' lang='lat' dir='ltr'>squ.</span> 
     </span>
     <span class='ocr_line' id='line_1_7' title="bbox 86 728 840 797; baseline -0.003 -14"><span class='ocrx_word' id='word_1_41' title='bbox 86 731 208 783; x_wconf 88' lang='lat' dir='ltr'>coactus</span> <span class='ocrx_word' id='word_1_42' title='bbox 229 745 293 781; x_wconf 89' lang='lat' dir='ltr'>sum</span> <span class='ocrx_word' id='word_1_43' title='bbox 319 728 463 797; x_wconf 86' lang='lat' dir='ltr'>appellare</span> <span class='ocrx_word' id='word_1_44' title='bbox 484 728 653 794; x_wconf 84' lang='lat' dir='ltr'>Caesarem,</span> <span class='ocrx_word' id='word_1_45' title='bbox 678 745 735 782; x_wconf 90' lang='lat' dir='ltr'>non</span> <span class='ocrx_word' id='word_1_46' title='bbox 757 728 840 797; x_wconf 87' lang='lat' dir='ltr'>quasi</span> 
     </span>
    </p>

    <p class='ocr_par' dir='ltr' id='par_1_4' title="bbox 85 808 970 959">
     <span class='ocr_line' id='line_1_8' title="bbox 85 808 970 879; baseline -0.005 -15"><span class='ocrx_word' id='word_1_47' title='bbox 85 812 205 879; x_wconf 83' lang='lat' dir='ltr'>gentem</span> <span class='ocrx_word' id='word_1_48' title='bbox 225 824 318 861; x_wconf 90' lang='lat' dir='ltr'>meam</span> <span class='ocrx_word' id='word_1_49' title='bbox 337 808 447 863; x_wconf 83' lang='lat' dir='ltr'>habens</span> <span class='ocrx_word' id='word_1_50' title='bbox 467 808 574 877; x_wconf 87' lang='lat' dir='ltr'>aliquid</span> <span class='ocrx_word' id='word_1_51' title='bbox 593 825 738 863; x_wconf 86' lang='lat' dir='ltr'>accusare.</span> <span class='ocrx_word' id='word_1_52' title='bbox 772 809 840 862; x_wconf 88' lang='lat' dir='ltr'>Pro·</span> <span class='ocrx_word' id='word_1_53' title='bbox 859 814 970 870; x_wconf 76' lang='lat' dir='ltr'>20a,o.r.</span> 
     </span>
     <span class='ocr_line' id='line_1_9' title="bbox 86 888 841 959; baseline -0.003 -15"><span class='ocrx_word' id='word_1_54' title='bbox 86 894 152 959; x_wconf 88' lang='lat' dir='ltr'>pter</span> <span class='ocrx_word' id='word_1_55' title='bbox 172 890 248 943; x_wconf 88' lang='lat' dir='ltr'>hanc</span> <span class='ocrx_word' id='word_1_56' title='bbox 267 888 354 957; x_wconf 84' lang='lat' dir='ltr'>igitur</span> <span class='ocrx_word' id='word_1_57' title='bbox 373 905 491 943; x_wconf 88' lang='lat' dir='ltr'>causam</span> <span class='ocrx_word' id='word_1_58' title='bbox 510 888 609 957; x_wconf 85' lang='lat' dir='ltr'>rogavi</span> <span class='ocrx_word' id='word_1_59' title='bbox 624 906 676 943; x_wconf 89' lang='lat' dir='ltr'>vos</span> <span class='ocrx_word' id='word_1_60' title='bbox 690 888 796 955; x_wconf 92' lang='lat' dir='ltr'>videre,</span> <span class='ocrx_word' id='word_1_61' title='bbox 812 893 841 943; x_wconf 91' lang='lat' dir='ltr'>et</span> 
     </span>
    </p>

    <p class='ocr_par' dir='ltr' id='par_1_5' title="bbox 87 968 893 1104">
     <span class='ocr_line' id='line_1_10' title="bbox 87 968 840 1037; baseline -0.003 -14"><span class='ocrx_word' id='word_1_62' title='bbox 87 969 203 1037; x_wconf 80' lang='lat' dir='ltr'>alloqui.</span> <span class='ocrx_word' id='word_1_63' title='bbox 231 968 353 1037; x_wconf 86' lang='lat' dir='ltr'>Propter</span> <span class='ocrx_word' id='word_1_64' title='bbox 367 984 447 1037; x_wconf 89' lang='lat' dir='ltr'>spem</span> <span class='ocrx_word' id='word_1_65' title='bbox 467 969 542 1023; x_wconf 90' lang='lat' dir='ltr'>enim</span> <span class='ocrx_word' id='word_1_66' title='bbox 556 968 644 1023; x_wconf 89' lang='lat' dir='ltr'>Israel</span> <span class='ocrx_word' id='word_1_67' title='bbox 664 973 767 1023; x_wconf 89' lang='lat' dir='ltr'>catena</span> <span class='ocrx_word' id='word_1_68' title='bbox 785 969 840 1022; x_wconf 90' lang='lat' dir='ltr'>hac</span> 
     </span>
     <span class='ocr_line' id='line_1_11' title="bbox 90 1047 893 1104; baseline 0.001 -1"><span class='ocrx_word' id='word_1_69' title='bbox 90 1048 286 1103; x_wconf 88' lang='lat' dir='ltr'>circumdatus</span> <span class='ocrx_word' id='word_1_70' title='bbox 306 1065 377 1103; x_wconf 89' lang='lat' dir='ltr'>sum.</span> <span class='ocrx_word' id='word_1_71' title='bbox 414 1050 452 1103; x_wconf 92' lang='lat' dir='ltr'>At</span> <span class='ocrx_word' id='word_1_72' title='bbox 477 1050 516 1102; x_wconf 93' lang='lat' dir='ltr'>illi</span> <span class='ocrx_word' id='word_1_73' title='bbox 542 1048 675 1103; x_wconf 88' lang='lat' dir='ltr'>dixerunt</span> <span class='ocrx_word' id='word_1_74' title='bbox 699 1047 736 1102; x_wconf 91' lang='lat' dir='ltr'>ad</span> <span class='ocrx_word' id='word_1_75' title='bbox 760 1066 839 1102; x_wconf 90' lang='lat' dir='ltr'>eum:</span> <span class='ocrx_word' id='word_1_76' title='bbox 859 1053 893 1104; x_wconf 74' lang='lat'>21</span> 
     </span>
    </p>

    <p class='ocr_par' dir='ltr' id='par_1_6' title="bbox 88 1127 840 1198">
     <span class='ocr_line' id='line_1_12' title="bbox 88 1127 840 1198; baseline -0.004 -14"><span class='ocrx_word' id='word_1_77' title='bbox 88 1130 153 1191; x_wconf 83' lang='lat' dir='ltr'>Nos</span> <span class='ocrx_word' id='word_1_78' title='bbox 166 1144 262 1197; x_wconf 90' lang='lat' dir='ltr'>neque</span> <span class='ocrx_word' id='word_1_79' title='bbox 280 1128 392 1183; x_wconf 82' lang='lat' dir='ltr'>litteras</span> <span class='ocrx_word' id='word_1_80' title='bbox 412 1129 575 1198; x_wconf 88' lang='lat' dir='ltr'>accepimus</span> <span class='ocrx_word' id='word_1_81' title='bbox 595 1127 630 1182; x_wconf 92' lang='lat' dir='ltr'>de</span> <span class='ocrx_word' id='word_1_82' title='bbox 649 1132 678 1183; x_wconf 87' lang='lat' dir='ltr'>te</span> <span class='ocrx_word' id='word_1_83' title='bbox 696 1128 840 1194; x_wconf 85' lang='lat' dir='ltr'>aIudaea,</span> 
     </span>
    </p>

    <p class='ocr_par' dir='ltr' id='par_1_7' title="bbox 87 1208 839 1279">
     <span class='ocr_line' id='line_1_13' title="bbox 87 1208 839 1279; baseline 0 -16"><span class='ocrx_word' id='word_1_84' title='bbox 87 1226 182 1279; x_wconf 89' lang='lat' dir='ltr'>neque</span> <span class='ocrx_word' id='word_1_85' title='bbox 215 1208 369 1263; x_wconf 89' lang='lat' dir='ltr'>adveniens</span> <span class='ocrx_word' id='word_1_86' title='bbox 398 1209 502 1278; x_wconf 86' lang='lat' dir='ltr'>aliquis</span> <span class='ocrx_word' id='word_1_87' title='bbox 530 1209 652 1265; x_wconf 81' lang='lat' dir='ltr'>fratrum</span> <span class='ocrx_word' id='word_1_88' title='bbox 684 1208 839 1275; x_wconf 83' lang='lat' dir='ltr'>nunciavit,</span> 
     </span>
    </p>

    <p class='ocr_par' dir='ltr' id='par_1_8' title="bbox 89 1289 1053 1438">
     <span class='ocr_line' id='line_1_14' title="bbox 89 1289 1053 1359; baseline -0.001 -15"><span class='ocrx_word' id='word_1_89' title='bbox 89 1294 139 1345; x_wconf 89' lang='lat' dir='ltr'>aut</span> <span class='ocrx_word' id='word_1_90' title='bbox 158 1291 275 1344; x_wconf 86' lang='lat' dir='ltr'>locutus</span> <span class='ocrx_word' id='word_1_91' title='bbox 295 1293 340 1343; x_wconf 84' lang='lat' dir='ltr'>est</span> <span class='ocrx_word' id='word_1_92' title='bbox 359 1289 427 1358; x_wconf 91' lang='lat' dir='ltr'>quid</span> <span class='ocrx_word' id='word_1_93' title='bbox 447 1289 482 1343; x_wconf 90' lang='lat' dir='ltr'>de</span> <span class='ocrx_word' id='word_1_94' title='bbox 501 1293 530 1343; x_wconf 92' lang='lat' dir='ltr'>te</span> <span class='ocrx_word' id='word_1_95' title='bbox 549 1290 663 1343; x_wconf 87' lang='lat' dir='ltr'>malum.</span> <span class='ocrx_word' id='word_1_96' title='bbox 695 1290 839 1359; x_wconf 83' lang='lat' dir='ltr'>Rogamus</span> <span class='ocrx_word' id='word_1_97' title='bbox 859 1295 962 1352; x_wconf 55' lang='lat' dir='ltr'>misso.</span> <span class='ocrx_word' id='word_1_98' title='bbox 978 1311 993 1343; x_wconf 79' lang='lat' dir='ltr'>n</span> <span class='ocrx_word' id='word_1_99' title='bbox 1005 1312 1053 1351; x_wconf 67' lang='lat' dir='ltr'>aa.</span> 
     </span>
     <span class='ocr_line' id='line_1_15' title="bbox 89 1369 841 1438; baseline -0.003 -13"><span class='ocrx_word' id='word_1_100' title='bbox 89 1375 188 1425; x_wconf 91' lang='lat' dir='ltr'>autem</span> <span class='ocrx_word' id='word_1_101' title='bbox 209 1386 227 1423; x_wconf 89' lang='lat' dir='ltr'>a</span> <span class='ocrx_word' id='word_1_102' title='bbox 245 1373 274 1423; x_wconf 92' lang='lat' dir='ltr'>te</span> <span class='ocrx_word' id='word_1_103' title='bbox 291 1369 389 1423; x_wconf 88' lang='lat' dir='ltr'>audire</span> <span class='ocrx_word' id='word_1_104' title='bbox 404 1386 478 1438; x_wconf 86' lang='lat' dir='ltr'>quae</span> <span class='ocrx_word' id='word_1_105' title='bbox 493 1370 599 1423; x_wconf 90' lang='lat' dir='ltr'>sentis:</span> <span class='ocrx_word' id='word_1_106' title='bbox 619 1387 686 1423; x_wconf 89' lang='lat' dir='ltr'>nam</span> <span class='ocrx_word' id='word_1_107' title='bbox 706 1369 741 1423; x_wconf 92' lang='lat' dir='ltr'>de</span> <span class='ocrx_word' id='word_1_108' title='bbox 760 1374 841 1424; x_wconf 85' lang='lat' dir='ltr'>secta</span> 
     </span>
    </p>

    <p class='ocr_par' dir='ltr' id='par_1_9' title="bbox 89 1449 840 1519">
     <span class='ocr_line' id='line_1_16' title="bbox 89 1449 840 1519; baseline -0.003 -15"><span class='ocrx_word' id='word_1_109' title='bbox 89 1452 142 1505; x_wconf 87' lang='lat' dir='ltr'>hac</span> <span class='ocrx_word' id='word_1_110' title='bbox 161 1453 265 1504; x_wconf 87' lang='lat' dir='ltr'>notum</span> <span class='ocrx_word' id='word_1_111' title='bbox 291 1452 335 1503; x_wconf 90' lang='lat' dir='ltr'>est</span> <span class='ocrx_word' id='word_1_112' title='bbox 360 1449 443 1503; x_wconf 92' lang='lat' dir='ltr'>nobis</span> <span class='ocrx_word' id='word_1_113' title='bbox 468 1450 535 1519; x_wconf 90' lang='lat' dir='ltr'>quia</span> <span class='ocrx_word' id='word_1_114' title='bbox 558 1450 664 1519; x_wconf 83' lang='lat' dir='ltr'>ubique</span> <span class='ocrx_word' id='word_1_115' title='bbox 683 1450 709 1503; x_wconf 91' lang='lat' dir='ltr'>ei</span> <span class='ocrx_word' id='word_1_116' title='bbox 728 1452 840 1505; x_wconf 88' lang='lat' dir='ltr'>contra-</span> 
     </span>
    </p>

    <p class='ocr_par' dir='ltr' id='par_1_10' title="bbox 89 1528 946 1680">
     <span class='ocr_line' id='line_1_17' title="bbox 89 1528 946 1596; baseline 0.002 -12"><span class='ocrx_word' id='word_1_117' title='bbox 89 1530 203 1585; x_wconf 89' lang='lat' dir='ltr'>dicitur.</span> <span class='ocrx_word' id='word_1_118' title='bbox 272 1528 343 1583; x_wconf 86' lang='lat' dir='ltr'>Cum</span> <span class='ocrx_word' id='word_1_119' title='bbox 358 1530 578 1585; x_wconf 89' lang='lat' dir='ltr'>constituissent</span> <span class='ocrx_word' id='word_1_120' title='bbox 592 1534 687 1585; x_wconf 90' lang='lat' dir='ltr'>autem</span> <span class='ocrx_word' id='word_1_121' title='bbox 702 1530 741 1583; x_wconf 94' lang='lat' dir='ltr'>illi</span> <span class='ocrx_word' id='word_1_122' title='bbox 757 1528 840 1596; x_wconf 89' lang='lat' dir='ltr'>diem,</span> <span class='ocrx_word' id='word_1_123' title='bbox 860 1534 895 1585; x_wconf 81' lang='lat'>23</span> <span class='ocrx_word' id='word_1_124' title='bbox 905 1555 946 1596; x_wconf 65' lang='lat' dir='ltr'>ras</span> 
     </span>
     <span class='ocr_line' id='line_1_18' title="bbox 89 1609 841 1680; baseline -0.003 -15"><span class='ocrx_word' id='word_1_125' title='bbox 89 1613 232 1665; x_wconf 89' lang='lat' dir='ltr'>venerunt</span> <span class='ocrx_word' id='word_1_126' title='bbox 258 1609 294 1663; x_wconf 91' lang='lat' dir='ltr'>ad</span> <span class='ocrx_word' id='word_1_127' title='bbox 320 1626 384 1663; x_wconf 89' lang='lat' dir='ltr'>eum</span> <span class='ocrx_word' id='word_1_128' title='bbox 409 1610 438 1663; x_wconf 92' lang='lat' dir='ltr'>in</span> <span class='ocrx_word' id='word_1_129' title='bbox 457 1610 613 1680; x_wconf 86' lang='lat' dir='ltr'>hospitium</span> <span class='ocrx_word' id='word_1_130' title='bbox 632 1610 761 1679; x_wconf 90' lang='lat' dir='ltr'>plurimi,</span> <span class='ocrx_word' id='word_1_131' title='bbox 781 1609 841 1679; x_wconf 90' lang='lat' dir='ltr'>qui·</span> 
     </span>
    </p>

    <p class='ocr_par' dir='ltr' id='par_1_11' title="bbox 89 1689 842 1839">
     <span class='ocr_line' id='line_1_19' title="bbox 89 1689 842 1759; baseline -0.001 -16"><span class='ocrx_word' id='word_1_132' title='bbox 89 1692 143 1745; x_wconf 88' lang='lat' dir='ltr'>bus</span> <span class='ocrx_word' id='word_1_133' title='bbox 170 1690 335 1758; x_wconf 80' lang='lat' dir='ltr'>exponebat</span> <span class='ocrx_word' id='word_1_134' title='bbox 359 1690 519 1744; x_wconf 88' lang='lat' dir='ltr'>testificans</span> <span class='ocrx_word' id='word_1_135' title='bbox 543 1706 662 1759; x_wconf 84' lang='lat' dir='ltr'>regnum</span> <span class='ocrx_word' id='word_1_136' title='bbox 681 1689 751 1756; x_wconf 90' lang='lat' dir='ltr'>Dei,</span> <span class='ocrx_word' id='word_1_137' title='bbox 776 1706 842 1743; x_wconf 89' lang='lat' dir='ltr'>sua-</span> 
     </span>
     <span class='ocr_line' id='line_1_20' title="bbox 92 1769 842 1839; baseline -0.003 -14"><span class='ocrx_word' id='word_1_138' title='bbox 92 1770 221 1839; x_wconf 85' lang='lat' dir='ltr'>densque</span> <span class='ocrx_word' id='word_1_139' title='bbox 241 1770 282 1823; x_wconf 91' lang='lat' dir='ltr'>eis</span> <span class='ocrx_word' id='word_1_140' title='bbox 302 1769 337 1823; x_wconf 93' lang='lat' dir='ltr'>de</span> <span class='ocrx_word' id='word_1_141' title='bbox 356 1770 420 1824; x_wconf 89' lang='lat' dir='ltr'>lesu</span> <span class='ocrx_word' id='word_1_142' title='bbox 446 1786 482 1824; x_wconf 87' lang='lat' dir='ltr'>ex</span> <span class='ocrx_word' id='word_1_143' title='bbox 500 1770 578 1839; x_wconf 82' lang='lat' dir='ltr'>Lege</span> <span class='ocrx_word' id='word_1_144' title='bbox 596 1770 702 1838; x_wconf 90' lang='lat' dir='ltr'>Moysi,</span> <span class='ocrx_word' id='word_1_145' title='bbox 726 1774 756 1824; x_wconf 88' lang='lat' dir='ltr'>et</span> <span class='ocrx_word' id='word_1_146' title='bbox 774 1770 842 1823; x_wconf 91' lang='lat' dir='ltr'>Pro·</span> 
     </span>
    </p>

    <p class='ocr_par' dir='ltr' id='par_1_12' title="bbox 93 1848 989 1999">
     <span class='ocr_line' id='line_1_21' title="bbox 93 1848 989 1919; baseline 0 -14"><span class='ocrx_word' id='word_1_147' title='bbox 93 1850 186 1919; x_wconf 90' lang='lat' dir='ltr'>phetis</span> <span class='ocrx_word' id='word_1_148' title='bbox 202 1866 314 1904; x_wconf 87' lang='lat' dir='ltr'>amane</span> <span class='ocrx_word' id='word_1_149' title='bbox 329 1867 419 1919; x_wconf 92' lang='lat' dir='ltr'>usque</span> <span class='ocrx_word' id='word_1_150' title='bbox 436 1849 472 1903; x_wconf 86' lang='lat' dir='ltr'>ad</span> <span class='ocrx_word' id='word_1_151' title='bbox 487 1866 645 1918; x_wconf 86' lang='lat' dir='ltr'>vesperam.</span> <span class='ocrx_word' id='word_1_152' title='bbox 674 1850 712 1903; x_wconf 84' lang='lat' dir='ltr'>Et</span> <span class='ocrx_word' id='word_1_153' title='bbox 725 1848 841 1918; x_wconf 91' lang='lat' dir='ltr'>quidam</span> <span class='ocrx_word' id='word_1_154' title='bbox 861 1855 896 1905; x_wconf 74' lang='lat'>‘24</span> <span class='ocrx_word' id='word_1_155' title='bbox 985 1905 989 1911; x_wconf 88' lang='grc'>,</span> 
     </span>
     <span class='ocr_line' id='line_1_22' title="bbox 95 1928 842 1999; baseline -0.001 -15"><span class='ocrx_word' id='word_1_156' title='bbox 95 1930 249 1984; x_wconf 89' lang='lat' dir='ltr'>credebant</span> <span class='ocrx_word' id='word_1_157' title='bbox 268 1930 321 1997; x_wconf 90' lang='lat' dir='ltr'>his,</span> <span class='ocrx_word' id='word_1_158' title='bbox 341 1945 414 1999; x_wconf 90' lang='lat' dir='ltr'>quae</span> <span class='ocrx_word' id='word_1_159' title='bbox 434 1928 614 1984; x_wconf 82' lang='lat' dir='ltr'>dicebantur:</span> <span class='ocrx_word' id='word_1_160' title='bbox 640 1929 756 1999; x_wconf 89' lang='lat' dir='ltr'>quidam</span> <span class='ocrx_word' id='word_1_161' title='bbox 774 1946 842 1983; x_wconf 89' lang='lat' dir='ltr'>vero</span> 
     </span>
    </p>

    <p class='ocr_par' dir='ltr' id='par_1_13' title="bbox 95 2009 895 2239">
     <span class='ocr_line' id='line_1_23' title="bbox 98 2009 895 2078; baseline 0.006 -15"><span class='ocrx_word' id='word_1_162' title='bbox 98 2028 151 2064; x_wconf 89' lang='lat' dir='ltr'>non</span> <span class='ocrx_word' id='word_1_163' title='bbox 171 2010 336 2065; x_wconf 87' lang='lat' dir='ltr'>credebant.</span> <span class='ocrx_word' id='word_1_164' title='bbox 375 2009 503 2078; x_wconf 87' lang='lat' dir='ltr'>Cumque</span> <span class='ocrx_word' id='word_1_165' title='bbox 528 2010 650 2063; x_wconf 85' lang='lat' dir='ltr'>invicem</span> <span class='ocrx_word' id='word_1_166' title='bbox 669 2027 725 2064; x_wconf 91' lang='lat' dir='ltr'>non</span> <span class='ocrx_word' id='word_1_167' title='bbox 745 2013 842 2065; x_wconf 90' lang='lat' dir='ltr'>essent</span> <span class='ocrx_word' id='word_1_168' title='bbox 861 2015 895 2068; x_wconf 75' lang='lat'>25</span> 
     </span>
     <span class='ocr_line' id='line_1_24' title="bbox 97 2088 842 2157; baseline -0.004 -11"><span class='ocrx_word' id='word_1_169' title='bbox 97 2089 315 2157; x_wconf 71' lang='lat' dir='ltr'>consentientes</span> <span class='ocrx_word' id='word_1_170' title='bbox 330 2089 517 2143; x_wconf 81' lang='lat' dir='ltr'>discedebant</span> <span class='ocrx_word' id='word_1_171' title='bbox 528 2088 640 2143; x_wconf 86' lang='lat' dir='ltr'>dicente</span> <span class='ocrx_word' id='word_1_172' title='bbox 649 2089 739 2143; x_wconf 88' lang='lat' dir='ltr'>Paulo</span> <span class='ocrx_word' id='word_1_173' title='bbox 754 2106 842 2143; x_wconf 90' lang='lat' dir='ltr'>unum</span> 
     </span>
     <span class='ocr_line' id='line_1_25' title="bbox 95 2169 841 2239; baseline -0.003 -14"><span class='ocrx_word' id='word_1_174' title='bbox 95 2173 228 2227; x_wconf 87' lang='lat' dir='ltr'>verbum:</span> <span class='ocrx_word' id='word_1_175' title='bbox 257 2170 331 2239; x_wconf 84' lang='lat' dir='ltr'>Quia</span> <span class='ocrx_word' id='word_1_176' title='bbox 355 2170 429 2224; x_wconf 87' lang='lat' dir='ltr'>bene</span> <span class='ocrx_word' id='word_1_177' title='bbox 448 2169 573 2239; x_wconf 83' lang='lat' dir='ltr'>Spiritus</span> <span class='ocrx_word' id='word_1_178' title='bbox 592 2173 710 2222; x_wconf 88' lang='lat' dir='ltr'>sanctus</span> <span class='ocrx_word' id='word_1_179' title='bbox 728 2170 841 2223; x_wconf 90' lang='lat' dir='ltr'>locutus</span> 
     </span>
    </p>

    <p class='ocr_par' dir='ltr' id='par_1_14' title="bbox 94 2248 841 2323">
     <span class='ocr_line' id='line_1_26' title="bbox 94 2248 841 2323; baseline -0.007 -15"><span class='ocrx_word' id='word_1_180' title='bbox 94 2257 136 2308; x_wconf 88' lang='lat' dir='ltr'>est</span> <span class='ocrx_word' id='word_1_181' title='bbox 155 2270 209 2323; x_wconf 87' lang='lat' dir='ltr'>per</span> <span class='ocrx_word' id='word_1_182' title='bbox 226 2251 332 2306; x_wconf 90' lang='lat' dir='ltr'>Isaiam</span> <span class='ocrx_word' id='word_1_183' title='bbox 350 2250 520 2320; x_wconf 88' lang='lat' dir='ltr'>prophetam</span> <span class='ocrx_word' id='word_1_184' title='bbox 541 2248 578 2303; x_wconf 88' lang='lat' dir='ltr'>ad</span> <span class='ocrx_word' id='word_1_185' title='bbox 596 2249 698 2303; x_wconf 90' lang='lat' dir='ltr'>Patres</span> <span class='ocrx_word' id='word_1_186' title='bbox 718 2253 841 2317; x_wconf 76' lang='lat' dir='ltr'>nostroS,</span> 
     </span>
    </p>

    <p class='ocr_par' dir='ltr' id='par_1_15' title="bbox 94 2334 894 2388">
     <span class='ocr_line' id='line_1_27' title="bbox 94 2334 894 2388; baseline 0.001 -1"><span class='ocrx_word' id='word_1_187' title='bbox 94 2334 206 2388; x_wconf 86' lang='lat' dir='ltr'>dicens:</span> <span class='ocrx_word' id='word_1_188' title='bbox 860 2339 894 2388; x_wconf 77' lang='lat'>26</span> 
     </span>
    </p>
   </div>
   <div class='ocr_carea' id='block_1_3' title="bbox 125 2426 1002 2511">
    <p class='ocr_par' dir='ltr' id='par_1_16' title="bbox 125 2426 1002 2511">
     <span class='ocr_line' id='line_1_28' title="bbox 125 2426 1002 2511; baseline -0.011 -25"><span class='ocrx_word' id='word_1_189' title='bbox 125 2431 207 2486; x_wconf 89' lang='lat' dir='ltr'>Vade</span> <span class='ocrx_word' id='word_1_190' title='bbox 227 2430 264 2485; x_wconf 90' lang='lat' dir='ltr'>ad</span> <span class='ocrx_word' id='word_1_191' title='bbox 282 2431 418 2500; x_wconf 91' lang='lat' dir='ltr'>populum</span> <span class='ocrx_word' id='word_1_192' title='bbox 437 2430 533 2497; x_wconf 87' lang='lat' dir='ltr'>istum,</span> <span class='ocrx_word' id='word_1_193' title='bbox 553 2432 583 2483; x_wconf 87' lang='lat' dir='ltr'>et</span> <span class='ocrx_word' id='word_1_194' title='bbox 602 2428 647 2481; x_wconf 91' lang='lat' dir='ltr'>dic</span> <span class='ocrx_word' id='word_1_195' title='bbox 667 2427 704 2481; x_wconf 87' lang='lat' dir='ltr'>ad</span> <span class='ocrx_word' id='word_1_196' title='bbox 723 2445 786 2483; x_wconf 91' lang='lat' dir='ltr'>eos:</span> <span class='ocrx_word' id='word_1_197' title='bbox 904 2426 1002 2511; x_wconf 47' lang='lat' dir='ltr'>liobgid</span> 
     </span>
    </p>
   </div>
   <div class='ocr_carea' id='block_1_4' title="bbox 163 2510 995 2601">
    <p class='ocr_par' dir='ltr' id='par_1_17' title="bbox 163 2510 995 2601">
     <span class='ocr_line' id='line_1_29' title="bbox 163 2510 995 2601; baseline -0.008 -35"><span class='ocrx_word' id='word_1_198' title='bbox 163 2514 239 2567; x_wconf 90' lang='lat' dir='ltr'>Aure</span> <span class='ocrx_word' id='word_1_199' title='bbox 260 2511 392 2579; x_wconf 87' lang='lat' dir='ltr'>audietis,</span> <span class='ocrx_word' id='word_1_200' title='bbox 412 2515 516 2565; x_wconf 84' lang='lat' dir='ltr'>elnon</span> <span class='ocrx_word' id='word_1_201' title='bbox 535 2510 715 2579; x_wconf 83' lang='lat' dir='ltr'>intelligetis:</span> <span class='ocrx_word' id='word_1_202' title='bbox 904 2514 938 2591; x_wconf 51' lang='grc' dir='ltr'>ξς</span> <span class='ocrx_word' id='word_1_203' title='bbox 940 2517 995 2601; x_wconf 44' lang='lat'>3313·</span> 
     </span>
    </p>
   </div>
   <div class='ocr_carea' id='block_1_5' title="bbox 146 2836 384 3023">
    <p class='ocr_par' dir='ltr' id='par_1_18' title="bbox 146 2836 384 3023">
     <span class='ocr_line' id='line_1_30' title="bbox 146 2836 384 2886; baseline -0.008 -7"><span class='ocrx_word' id='word_1_204' title='bbox 146 2844 173 2879; x_wconf 81' lang='lat'>18</span> <span class='ocrx_word' id='word_1_205' title='bbox 187 2840 210 2886; x_wconf 93' lang='lat'>&gt;</span> <span class='ocrx_word' id='word_1_206' title='bbox 227 2846 303 2879; x_wconf 82' lang='lat' dir='ltr'>causa</span> <span class='ocrx_word' id='word_1_207' title='bbox 317 2836 384 2877; x_wconf 86' lang='lat' dir='ltr'>esset</span> 
     </span>
     <span class='ocr_line' id='line_1_31' title="bbox 147 2908 364 2961; baseline -0.009 -10"><span class='ocrx_word' id='word_1_208' title='bbox 147 2915 173 2951; x_wconf 78' lang='lat'>23</span> <span class='ocrx_word' id='word_1_209' title='bbox 186 2908 268 2961; x_wconf 85' lang='lat' dir='ltr'>plures</span> <span class='ocrx_word' id='word_1_210' title='bbox 294 2908 297 2959; x_wconf 81' lang='lat' dir='ltr'>l</span> <span class='ocrx_word' id='word_1_211' title='bbox 323 2918 364 2949; x_wconf 90' lang='lat' dir='ltr'>eos</span> 
     </span>
     <span class='ocr_line' id='line_1_32' title="bbox 147 2980 315 3023; baseline -0.012 0"><span class='ocrx_word' id='word_1_212' title='bbox 147 2987 173 3023; x_wconf 74' lang='lat'>26</span> <span class='ocrx_word' id='word_1_213' title='bbox 189 3001 211 3012; x_wconf 97' lang='lat'>-</span> <span class='ocrx_word' id='word_1_214' title='bbox 228 2980 258 3021; x_wconf 84' lang='lat' dir='ltr'>ad</span> <span class='ocrx_word' id='word_1_215' title='bbox 274 2990 315 3021; x_wconf 88' lang='lat' dir='ltr'>cos</span> 
     </span>
    </p>
   </div>
   <div class='ocr_carea' id='block_1_6' title="bbox 0 0 1152 3434">
    <p class='ocr_par' dir='ltr' id='par_1_19' title="bbox 0 0 1152 3434">
     <span class='ocr_line' id='line_1_33' title="bbox 0 0 1152 3434; baseline 0 0"><span class='ocrx_word' id='word_1_216' title='bbox 0 0 1152 3434; x_wconf 95' lang='lat' dir='ltr'> </span> 
     </span>
    </p>
   </div>
  </div>
 </body>
</html>
