2275 3434
235 181 421 251 lter-mu.
454 181 573 237 ACTVS
592 180 873 237 APOSTOLORVM.

234 346 269 397 37
288 346 395 397 temere
415 359 508 411 agere.
536 341 705 397 Adduxistis
722 342 797 395 euim
811 340 942 395 homiues
956 340 1036 406 istos,

288 440 380 493 neque
399 422 568 492 sacrilegos
589 438 682 491 neque
700 422 935 491 blasphemantes
955 420 1037 474 deam

234 506 269 559 38
289 506 422 558 vestram.
460 502 543 571 Qudd
562 503 587 557 si
606 501 782 568 Demetrius
804 505 833 556 et
852 502 900 571 qui
920 518 986 555 curn
1005 517 1038 555 eo

288 588 356 639 sunt
366 584 499 649 artifices,
509 582 619 637 hahent
629 581 767 637 adversus
778 582 901 651 aliquem
911 598 1038 646 causam,

288 668 446 719 conventus
474 663 605 717 forenses
631 667 770 733 aguntur,
798 666 827 717 et
852 662 1038 731 proconsules

235 750 269 800 39
288 748 365 811 sunt,
375 746 512 798 accusent
521 743 651 797 invicem.
679 742 710 797 Si
724 741 793 811 quid
807 745 904 797 autem
920 742 1038 796 alterius

288 826 329 879 rei
348 824 500 894 quaeritis:
524 824 553 877 iu
573 823 701 893 legitima
719 823 847 877 Ecclesia
864 822 973 892 poterit
992 822 1038 875 ab·

234 910 270 960 40
289 905 369 960 solvi.
406 904 479 959 Nam
508 907 537 958 et
562 903 757 973 periclitamur
781 902 862 971 argui
889 901 1039 957 seditionis

289 984 457 1039 hodiernae:
485 1000 549 1038 cum
575 984 669 1037 nullus
693 984 833 1037 obnoxius
853 983 891 1036 sit
915 981 1039 1051 (dequo

289 1066 433 1134 possimus
456 1063 576 1119 reddere
596 1064 747 1130 rationem)
771 1078 927 1117 concursus
946 1062 1040 1117 istius.

289 1146 325 1200 Et
344 1162 408 1199 cum
426 1144 499 1199 haec
517 1144 648 1210 dixisset,
667 1142 775 1197 dimisit
792 1142 960 1197 Ecclesiam.

235 1220 279 1292 20
360 1226 517 1294 Postquam
544 1228 641 1279 autem
666 1224 792 1278 cessavit
810 1223 967 1290 tumultus,
992 1239 1040 1277 vo

290 1304 362 1360 eatis
390 1306 496 1360 Paulus
526 1304 688 1374 discipulis,
720 1307 750 1359 et
782 1304 952 1357 exhortatus
981 1320 1040 1369 eoS,

290 1384 440 1452 valedixit,
460 1389 489 1440 et
507 1385 656 1455 profectus
675 1388 720 1439 est
738 1388 771 1438 ut
789 1384 844 1438 iret
862 1383 890 1437 in
911 1382 1040 1437 Macedo·

254 1474 271 1524 2
291 1466 375 1521 niam.
405 1466 476 1520 Cum
496 1468 593 1521 autem
612 1465 841 1535 perambulasset
854 1467 954 1533 partes
969 1464 1041 1530 illas,

291 1549 321 1601 et
357 1546 525 1601 exhortatus
560 1562 610 1600 eos
642 1545 747 1599 luisset
777 1545 868 1598 multo
900 1560 1041 1610 sermone,
1129 1553 1131 1562 ²

255 1627 369 1683 3venit
395 1626 432 1681 ad
456 1626 620 1681 Graeciam:
657 1625 706 1679 ubi
732 1641 796 1679 cum
822 1624 941 1679 fecisset
964 1640 1042 1679 men·
1129 1675 1131 1694 ,

1045 1206 1072 1252 54

1045 1263 1072 1311 (3)

292 1724 338 1762 ses
364 1710 438 1775 treS,
465 1708 560 1761 factae
586 1710 654 1761 suut
679 1706 718 1760 illi
741 1704 862 1760 insidiae
886 1721 903 1758 a
927 1704 1041 1759 ludaeis

291 1787 461 1855 navigaturo
489 1787 518 1840 in
547 1786 673 1855 Syriam:
707 1785 863 1855 habuitque
891 1785 1037 1839 consilium

92 1891 153 1932 nno,
170 1891 227 1930 nno.
255 1871 323 1925 4ut
349 1870 540 1921 reverteretur
564 1883 616 1935 per
638 1865 841 1921 Macedoniam.
879 1864 1035 1920 Comitatus
1129 1887 1131 1936 5

142 1936 227 1977 anm.
293 1952 337 2003 est
367 1950 463 2001 autem
491 1963 556 2001 eum
584 1946 708 2016 Sopater
735 1945 835 2015 Pyrrhi
862 1945 1037 2011 Beroeensis
1129 1979 1131 2024 i

292 2028 588 2083 thessalonicensium
618 2044 685 2081 vero
710 2026 909 2093 Aristarchum
939 2031 969 2082 et
993 2026 1040 2081 Se·
1129 2027 1131 2062 ⁵

293 2107 418 2175 eunduS,
451 2111 481 2161 et
508 2108 598 2163 Gaius
626 2107 771 2175 DerbeuS,
801 2110 830 2161 et
857 2106 1040 2162 Timotheus:

182 2216 228 2255 aa.
257 2188 391 2246 5Asiani
423 2204 491 2242 vero
524 2187 681 2257 Tychicus,
713 2192 742 2242 et
775 2186 955 2256 Trophimus.
1007 2186 1042 2240 Hi

293 2286 357 2322 cum
389 2268 631 2338 praecessissent,
664 2267 861 2322 sustinuerunt
892 2283 946 2321 nos
975 2268 1043 2321 Tro-

257 2348 361 2407 b'ade:
413 2365 466 2403 nos
512 2364 580 2403 vero
625 2348 824 2416 navigavimus
868 2351 936 2416 post
982 2347 1043 2401 dies
1129 2411 1131 2418 Ι

346 2732 373 2769 38
387 2735 429 2779 pro
444 2723 586 2768 consulibus

348 2796 409 2851 20,3
423 2796 468 2841 lec.
483 2799 492 2846 ]
506 2794 595 2839 luisset

349 2867 538 2922 rpsosipater
562 2870 565 2919 l
592 2866 657 2920 pyrri
682 2868 685 2918 Ι
711 2864 836 2910 beroensis

349 2946 361 2983 5
376 2938 530 2983 sustinebant
