2275 3434
283 176 402 234 norrs
425 160 707 233 nros'roaoavn.
755 175 913 242 rasa-aa

111 357 220 410 regem:
246 340 291 394 cui
310 340 504 395 testimonium
523 339 690 409 perhibens,
710 337 793 392 dixit:
817 337 860 392 In·

112 422 177 476 veni
197 420 291 475 David
310 422 398 475 tilium
416 421 502 487 Iesse,
526 420 618 473 virum
636 418 793 474 secundum
813 435 861 473 cor

111 519 222 569 meum,
256 501 304 571 qui
338 501 424 556 faciet
454 517 553 557 omnes
581 501 745 554 voluntates
772 515 860 553 meas.

111 582 204 637 Huius
224 582 302 636 Deus
329 598 363 636 ex
390 582 497 636 semine
521 579 679 635 secundum
697 579 861 649 promissio·
880 580 915 630 23
925 571 1038 657 {fffissdffi

111 680 177 717 nem
203 662 303 717 eduxit
328 662 415 717 Israel
439 664 612 716 salvatorem
635 661 744 729 lesum,
780 676 861 729 prae·
880 659 915 710 24
926 679 941 710 ι,
951 680 988 719 aa.

112 744 228 797 dicante
257 744 364 798 loanne
398 745 465 797 ante
498 742 602 795 faciem
631 741 772 795 adventus
800 740 861 794 eius

111 824 289 893 baptismum
313 822 508 892 poenitentiae
534 821 610 876 omni
636 822 742 891 populo
766 821 861 875 lsrael.

112 904 185 958 Cum
211 904 343 972 impleret
369 906 466 958 autem
484 903 606 957 loannes
632 918 746 956 cursum
769 918 862 967 suum,
881 900 1027 961 25r1aoar.

112 985 243 1039 dicebat:
264 984 355 1053 Quem
373 1000 419 1038 me
439 983 616 1038 arbitramini
635 999 709 1049 esse,
727 999 783 1036 non
798 998 862 1035 sum
926 964 998 1006 Lm·
1010 964 1084 1005 Μ’

113 1080 179 1133 ege,
202 1064 254 1118 sed
274 1080 340 1118 ecce
359 1064 438 1122 venit
456 1066 524 1132 post
542 1079 601 1129 me,
622 1062 703 1117 cuius
722 1079 779 1116 non
798 1078 862 1115 sum
909 1100 913 1111 ,

80 1145 220 1214 atdignus
253 1144 448 1199 calceamenta
483 1143 589 1212 pedum
625 1144 745 1197 solvere.
805 1141 862 1195 Viri
880 1144 1030 1201 adenona.

114 1226 229 1292 fratrea,
248 1224 298 1278 filii
316 1224 430 1293 generis
444 1224 598 1290 Abrabam,
617 1226 647 1277 et
665 1223 714 1291 qui
732 1223 761 1276 in
780 1222 863 1276 vobis
926 1206 955 1238 ⁴⁸¹

113 1306 217 1360 timent
244 1305 353 1372 Deum,
386 1304 467 1359 vobis
498 1304 617 1358 verbum
649 1304 751 1358 salutis
779 1302 863 1356 huius

114 1385 235 1439 missum
255 1388 307 1439 est.
343 1384 397 1453 Qui
417 1384 491 1439 enim
510 1384 683 1439 habitabant
701 1384 863 1450 Ierusalem,
882 1386 915 1435 27
926 1404 973 1444 an.
985 1401 999 1434 J
1011 1403 1057 1443 aa.

114 1470 144 1520 et
169 1465 314 1535 principes
340 1464 402 1519 eius
425 1465 500 1519 lrunc
523 1465 704 1535 ignorantes,
729 1467 760 1519 et
777 1479 863 1518 voces

114 1546 330 1616 prophetarum,
345 1562 421 1614 quae
435 1562 486 1614 per
500 1562 585 1600 omne
598 1546 753 1599 sabbatum
767 1545 864 1613 legun·
911 1580 914 1585 -

114 1631 169 1693 tur,
184 1626 348 1680 iudicantes
362 1625 559 1694 impleverunt,
569 1627 612 1679 let
625 1626 732 1679 nullam
747 1641 864 1679 causam
883 1626 918 1677 28
929 1643 955 1677 ur
966 1644 1054 1686 amna

114 1706 216 1761 mortis
241 1705 420 1761 invenientes
443 1706 472 1760 in
492 1722 539 1773 eo,
564 1706 709 1776 petierunt
728 1722 745 1759 a
763 1705 864 1772 Pilato,
909 1751 914 1764 ,

116 1792 148 1841 ut
162 1786 357 1841 interficerent
372 1803 444 1840 eum.
473 1786 602 1855 Cumque
617 1787 864 1840 consummassent
883 1788 918 1839 29
930 1804 956 1837 ut
966 1805 1055 1845 rama.

118 1867 225 1935 omnia,
247 1882 321 1935 quae
341 1865 376 1921 de
395 1882 429 1921 eo
448 1866 556 1935 scripta
575 1870 669 1932 erant,
689 1865 864 1935 deponentes

121 1964 180 2002 eum
201 1947 237 2002 de
257 1947 346 2016 ligno,
364 1948 522 2017 posuerunt
541 1946 654 1999 eumin
673 1948 864 2000 monumento

123 2027 194 2082 Deus
224 2043 292 2081 vero
321 2026 473 2081 suscitavit
501 2042 566 2079 eum
592 2042 609 2078 a
634 2025 755 2080 mortuis
780 2026 866 2080 tertia
884 2029 976 2087 30au.

121 2106 176 2162 die:
211 2108 261 2176 qui
287 2108 366 2161 visus
393 2109 438 2161 est
463 2122 515 2175 per
533 2105 594 2158 dies
613 2106 718 2159 multos
737 2105 797 2172 bis,
816 2106 865 2174 qui
885 2111 965 2184 3-l¹‚³·

118 2187 201 2243 simul
234 2186 424 2241 ascenderant
456 2203 520 2240 cum
553 2202 587 2239 eo
616 2184 651 2237 de
681 2185 808 2239 Galilaea
836 2186 865 2239 in

117 2268 285 2321 Ierusalem:
313 2267 361 2337 qui
387 2282 478 2336 usque
503 2281 579 2319 nunc
603 2268 671 2319 sunt
695 2268 785 2319 testes
804 2265 865 2319 eius
903 2308 905 2312 .

118 2348 155 2401 ad
196 2348 318 2417 plebem.
372 2346 409 2402 Et
450 2363 502 2401 nos
539 2344 623 2400 vobis
660 2345 865 2412 annunciamus
885 2351 919 2401 32
929 2368 958 2399 a.

118 2444 197 2495 earn,
230 2445 304 2497 quae
338 2427 374 2481 ad
406 2431 504 2497 patres
536 2430 651 2481 nostros
684 2424 865 2494 repromissio

118 2508 198 2563 facta
226 2511 288 2563 est:
331 2508 464 2579 quoniam
492 2508 566 2561 hanc
593 2506 672 2559 Deus
701 2504 866 2574 adimplevit
885 2511 953 2560 3312„
964 2528 1000 2568 aa.

118 2588 184 2643 filiis
212 2588 318 2643 nostris
344 2588 520 2643 resuscitans
546 2586 655 2655 lesum,
684 2586 758 2640 sicut
783 2588 812 2639 et
837 2584 865 2638 in
902 2630 915 2664 ¹.
929 2572 993 2614 aar.

119 2718 332 2725 m-——n

174 2800 200 2837 22
214 2794 252 2839 cul
267 2795 292 2838 et
305 2795 323 2837 l.
348 2795 352 2845 Ι
377 2792 496 2848 &lassae

174 2872 200 2909 23
213 2866 239 2909 in
253 2876 306 2909 eum

175 2944 201 2981 29
216 2959 239 2970 -
256 2948 309 2980 eum
323 2935 350 2979 2⁰

174 3016 199 3051 ar
215 3008 248 3059 (et
262 3015 302 3051 inc.
317 3024 335 3051 v.
350 3008 390 3061 qui
405 3007 484 3059 simul)

175 3086 202 3123 32
215 3091 245 3123 aa

174 3158 202 3193 33
215 3151 236 3207 3
250 3152 340 3196 vostris

482 3228 522 3273 339
