2275 3434
352 154 402 209 An
429 154 615 211 nouenos.
683 170 686 177 ·
759 156 900 225 arr-19.

91 314 190 383 magis
209 315 393 382 reconciliati,
412 316 484 369 salvi
504 316 610 371 erimus
624 316 653 370 in
667 318 729 371 vita
747 318 845 386 ipsius.

92 394 160 448 Non
181 396 274 449 solum
293 398 402 451 autem:
430 395 482 450 sed
505 399 534 451 et
557 397 713 465 gloriamur
737 398 766 451 in
784 398 846 452 Deo
867 402 898 452 11

92 490 148 543 per
166 474 320 530 Dominum
345 480 475 531 nostrum
494 477 589 531 Iesum
608 476 770 545 Christum,
795 494 847 547 per

94 570 183 624 quem
202 572 278 610 nunc
297 556 556 611 reconciliationem
576 558 747 627 accepimus,

168 636 326 705 Propterea
345 638 420 691 sicut
443 653 495 706 per
512 654 600 691 unum
620 638 762 692 hominem
781 655 847 707 pec·
868 642 942 693 12c11
954 663 1006 703 aaa
1020 663 1068 704 ao.

94 719 196 771 catum
214 718 247 794 in¹
262 718 338 771 hunc
356 717 494 772 mundum
512 718 645 785 intravit,
665 722 694 773 et
712 736 764 787 per
782 736 847 787 pec·
910 708 958 748 ω·

92 800 195 851 catum
214 814 306 865 mora,
332 802 361 851 et
386 798 427 851 ita
450 798 479 852 in
505 814 603 852 omnes
622 798 751 853 homines
770 816 847 853 mors

92 878 272 947 pertransiit,
294 879 322 931 in
338 895 393 948 quo
408 895 507 932 omnes
522 883 729 947 peccaverunt:
748 879 846 949 Usque
867 883 900 934 13
914 905 957 945 aa.

94 958 133 1011 ad
153 958 247 1027 legem
266 959 341 1013 enim
355 962 506 1027 peccatum
521 961 584 1013 erat
598 960 627 1013 in
640 959 762 1013 mundo:
781 976 847 1029 pec-

96 1042 196 1093 catum
216 1043 312 1093 autem
331 1056 388 1093 non
406 1039 617 1107 imputabatur,
641 1056 706 1094 cum
724 1040 771 1093 lex
790 1057 846 1094 non

60 1118 184 1173 1³esset.
229 1117 285 1173 Sed
313 1119 445 1187 regnavit
472 1135 548 1173 mors
575 1119 611 1173 ab
638 1119 730 1174 Adam
754 1136 846 1189 usque
867 1124 1048 1185 timiama

96 1198 134 1253 ad
148 1199 266 1267 Moysen
286 1199 372 1254 etiam
391 1199 421 1253 in
442 1216 500 1268 eoa,
520 1200 569 1269 qui
583 1217 640 1254 non
654 1204 847 1269 peccaverunt
910 1190 969 1221 ⁴⁵³⁵·

95 1280 122 1332 in
154 1278 370 1334 similitudinem
395 1280 652 1349 praevaricationis
677 1280 772 1347 Adae,
798 1282 847 1349 qui

61 1359 89 1403 14
97 1362 143 1413 est
163 1359 256 1414 torma
275 1360 372 1414 futuri.
402 1359 459 1415 Sed
478 1377 534 1415 non
553 1361 628 1415 sicut
643 1361 786 1429 delictum,
806 1362 847 1416 ita
867 1365 900 1417 15

95 1443 125 1495 et
145 1439 260 1494 donum.
289 1441 314 1494 si
334 1440 408 1495 enim
427 1440 512 1495 unius
528 1440 631 1496 delicto
645 1442 728 1495 multi
741 1443 847 1496 mortui

95 1524 176 1575 sunt:
208 1522 297 1575 multo
322 1520 415 1589 magis
441 1522 535 1591 gratia
553 1520 607 1575 Dei
633 1526 663 1576 et
689 1521 795 1575 donum
816 1522 846 1575 in

95 1601 191 1670 gratia
217 1600 303 1655 unius
329 1600 451 1655 hominis
476 1602 541 1655 Iesu
561 1600 668 1656 Christi
694 1602 723 1656 in
748 1604 846 1671 plures

96 1680 263 1735 abundavit.
295 1681 333 1736 Et
350 1698 406 1735 non
426 1682 501 1736 sicut
519 1698 672 1750 perunum
686 1686 845 1750 peccatum,
867 1686 900 1736 16

96 1761 185 1817 itaet
205 1760 319 1816 donum.
357 1778 423 1815 nam
442 1762 578 1816 iudicium
598 1762 713 1831 quidem
735 1778 770 1815 ex
789 1779 845 1816 uno

97 1843 126 1895 in
144 1841 426 1897 condemnationem:
453 1842 548 1910 gratia
575 1847 672 1896 autem
695 1858 730 1895 ex
748 1841 845 1895 multis

101 1922 208 1977 delictis
228 1922 257 1976 in
276 1921 517 1977 iustificationem.
551 1921 582 1975 Si
601 1922 779 1975 enim-unius
799 1922 846 1975 de·
866 1926 899 1976 17

102 2002 163 2057 licto
184 2020 263 2057 mors
288 2002 419 2072 regnavit
444 2018 495 2071 per
519 2018 621 2056 unum:
644 2002 845 2070 multomagis

103 2080 304 2137 abundantiam
314 2082 433 2151 gratiae,
450 2086 479 2136 et
490 2080 661 2148 donationis
677 2084 705 2135 et
717 2081 845 2135 iustitiae

101 2163 280 2232 accipientes
295 2164 324 2216 in
339 2162 400 2216 vita
413 2162 575 2231 regnabunt
588 2178 640 2231 per
654 2178 741 2215 unum
751 2162 844 2215 lesum

99 2242 249 2298 Christum.
296 2242 385 2312 Igitur
400 2242 474 2297 sicut
489 2258 541 2310 per
559 2242 644 2295 unius
663 2240 797 2296 delictum
815 2242 844 2295 in
865 2246 917 2297 181
929 2265 948 2297 u
960 2265 1018 2305 mn.

98 2341 195 2378 omnes
209 2323 339 2378 homines
354 2323 383 2377 in
399 2322 677 2377 condemnationem:
694 2322 736 2375 sic
751 2326 779 2375 et
793 2340 845 2391 per

97 2405 180 2481 unius
199 2404 341 2458 iustitiam
366 2404 394 2457 in
421 2420 519 2458 omnes
543 2403 672 2458 homiues
697 2402 726 2456 in
744 2402 844 2457 iustifi-

98 2486 241 2539 cationem
255 2484 340 2537 vitae.
369 2484 449 2539 Sicut
467 2484 542 2538 enim
556 2501 608 2553 per
621 2482 844 2538 inobedientiam
865 2486 897 2537 19
909 2506 927 2538 a
938 2506 996 2547 mn.

97 2588 310 2595 —.-.--.-———-—..

148 2634 174 2671 12
190 2632 212 2678 >
229 2627 255 2671 in
269 2627 333 2670 bunc
347 2626 426 2671 mund.
443 2638 508 2679 pecc.
532 2627 535 2679 Ι
557 2648 581 2659 -
596 2638 661 2669 mors
675 2626 701 2669 20
715 2628 740 2666 F

149 2696 174 2733 13
188 2690 214 2733 in
229 2691 264 2742 Η-
273 2689 337 2733 bunc
347 2689 391 2741 ΡΙ)
406 2689 518 2733 mundum
530 2692 554 2729 F
573 2693 577 2742 Ι
597 2689 731 2743 imputatur
744 2687 809 2741 §0311
830 2688 833 2739 Ι

98 2754 134 2796 est
147 2750 253 2805 ww
735 2769 736 2772 =

149 2821 175 2858 15
189 2816 245 2857 don.
261 2814 286 2856 in
302 2813 407 2867 gratiam
421 2826 443 2857 u.
460 2816 482 2855 A

150 2885 175 2921 1⁶
188 2876 259 2921 unius
275 2878 300 2916 F
322 2880 327 2929 Ι
351 2879 491 2930 peccantem
505 2875 610 2930 ww
633 2877 747 2921 delictum
761 2877 798 2917 ΕΙ
830 2877 833 2928 Ι

101 2962 122 2973 -
137 2940 232 2993 quidam
246 2939 307 2979 AFl
333 2939 336 2992 Ι
361 2938 437 2983 iustis.
452 2941 519 2983 vitae
536 2939 573 2979 ΕΙ

149 3010 175 3045 17
184 3002 272 3051 unius]
278 3018 310 3055 pr
320 3002 345 3044 in
357 3000 440 3054 [aion
453 3003 456 3055 Ι
468 3001 547 3056 magis
559 3002 615 3054 quia
626 3001 663 3041 Ι«12
675 3002 678 3055 l
692 3024 715 3034 -
726 3004 751 3046 et
761 3003 785 3044 1⁰
795 3004 833 3050 F!

100 3076 148 3109 acc.
158 3066 184 3109 iu
193 3064 254 3117 vita,
266 3065 286 3119 ᾗ
300 3064 303 3118 Ι
314 3065 340 3108 in
350 3064 427 3107 vitam
437 3066 457 3105 Α
471 3065 474 3119 Ι
486 3064 643 3118 regnabimus
654 3066 679 3104 F
688 3066 693 3117 Ι
705 3086 729 3097 -
739 3076 812 3108 unum
821 3066 847 3104 F

150 3126 387 3171 m-mssfflffl

458 3206 498 3250 401
799 3212 826 3249 2⁶
