2275 3434
264 109 468 164 socruum·
484 107 646 163 nlaovn.
732 109 874 175 aaa-so.

59 273 170 326 nostri
209 272 290 326 lesus
311 273 406 325 autem
424 271 465 324 ait
482 269 533 323 illi:
554 269 585 323 Si
599 272 683 338 potes
697 267 822 334 credere,
841 271 876 321 23
887 287 945 329 nas.

61 352 172 407 omnia
194 351 344 421 possibilia
368 354 435 406 sunt
460 348 594 404 eredenti.
632 349 669 403 Et
688 349 822 404 continuo
842 352 961 409 aaran

62 433 237 487 exclamans
256 433 341 500 pater
358 431 452 501 pueri,
474 447 539 484 cum
557 429 691 498 lacrymis
712 429 822 483 aiebat:

64 511 176 581 Credo,
194 511 331 567 Domine:
353 511 458 565 adiuva
477 509 706 564 incredulitatem
720 525 823 563 meam.

64 594 105 648 Et
134 610 200 648 cum
225 591 337 652 videret
360 592 440 645 lesus
465 593 681 644 concurrentem
699 589 824 656 turbam,
843 591 877 643 25

66 673 264 729 comminatus
284 676 329 726 est
348 671 463 740 spiritui
482 670 637 737 immundo,
656 669 754 724 dicens
769 669 823 723 illi:

67 753 182 820 Surda,
208 756 237 808 et
263 755 341 806 mute
366 751 499 820 spirituc,
526 766 580 819 ego
598 749 744 818 praecipio
763 749 824 816 tibi,

69 834 117 888 exi
145 834 182 888 ab
210 850 258 887 eo:
285 836 315 886 et
341 831 463 902 amplius
490 847 525 884 ne
551 830 678 884 introeas
702 830 732 884 in
751 846 824 884 eum.

69 915 109 967 Et
138 913 319 978 exclamans,
352 915 380 968 et
408 911 529 966 multum
557 909 723 979 discerpens
751 926 825 977 eum,
843 914 937 971 ‘adaia

74 991 147 1046 exiit
166 991 202 1044 ab
223 1007 269 1057 eu,
296 991 438 1046 attactus
459 994 503 1046 est
521 991 597 1045 sicut
615 994 760 1057 mortuuS,
783 990 825 1044 ita

74 1075 107 1126 ut
134 1071 217 1126 multi
241 1070 381 1126 dicerent:
408 1071 482 1141 Quia
504 1074 635 1125 mortuus
654 1074 707 1125 est.
744 1071 825 1124 lesus
843 1076 877 1124 27

73 1155 173 1206 autem
191 1153 293 1206 tenens
313 1167 428 1206 manum
447 1151 522 1218 eius,
549 1151 674 1206 elevavit
693 1167 770 1218 eum,
796 1154 825 1206 et

41 1230 61 1307 ζῇ
72 1231 208 1286 surrexit.
245 1230 283 1286 Et
301 1248 365 1286 cum
384 1231 532 1287 introisset
550 1231 580 1285 in
598 1231 722 1298 domum,
741 1230 825 1285 disci·
843 1235 878 1285 28

72 1311 136 1382 puli
162 1312 224 1366 eius
250 1314 360 1366 secreto
384 1311 601 1382 interrogabant
625 1329 704 1366 eum:
731 1311 825 1381 Quare

72 1409 127 1446 nos
160 1409 218 1447 non
250 1392 396 1462 potuimus
425 1392 526 1447 eiicere
556 1393 643 1446 eum?
688 1391 725 1445 Et
753 1390 878 1445 dixitne

75 1473 142 1526 illis:
162 1472 224 1528 Hoc
242 1489 333 1563 genus
353 1473 382 1526 in
401 1473 477 1527 nullo
496 1475 594 1542 potest
613 1471 704 1539 exire,
722 1471 778 1525 nisi
796 1471 825 1524 in

75 1553 214 1619 oratione,
233 1553 288 1609 ct
281 1552 394 1608 ieiunio.
888 1549 1017 1638 Hm„

46 1631 65 1697 ἕ*
146 1632 184 1687 Et
204 1633 270 1688 inde
289 1633 412 1702 profecti
431 1632 752 1702 praetergrediebantur
771 1618 1004 1727 Ga-301srff2a

74 1715 206 1768 lilaeam:
226 1730 279 1768 neo
298 1714 414 1768 volebat
433 1729 605 1782 quemquam
623 1712 704 1767 scire.
736 1711 827 1766 Doce·
845 1714 877 1764 31
890 1707 941 1772 asi
936 1731 1017 1771 mm-
1003 1731 1048 1761 -a

74 1796 127 1850 bat
154 1797 204 1848 aut
206 1809 251 1848 em
277 1793 433 1864 discipulos
458 1801 541 1860 suaa,
568 1796 598 1847 et
622 1792 737 1847 dicebat
755 1791 825 1846 illis:

76 1873 219 1942 Quoniam
250 1873 325 1928 filius
358 1873 480 1928 hominis
509 1872 641 1928 tradetur
667 1873 696 1926 in
724 1889 826 1926 manus

78 1953 235 2020 hominum,
262 1959 292 2008 et
311 1952 443 2008 occident
462 1970 539 2020 eum,
561 1957 591 2008 et
610 1953 722 2008 occisus
741 1952 828 2006 tertia

81 2033 125 2087 die
149 2036 288 2102 resurget.
326 2034 363 2086 At
388 2033 428 2086 illi
448 2033 621 2100 ignorabant
639 2032 771 2086 verbum:
798 2036 828 2086 et
847 2036 970 2092 Quas,
983 2051 1041 2092 aar.

79 2113 244 2169 timebant
237 2130 266 2167 in
268 2116 414 2180 terrogare
434 2129 506 2167 eum.
914 2147 960 2182 ,³
961 2146 1002 2183 ,0

52 2201 69 2227 ⁰⁴
148 2194 185 2248 Et
199 2195 340 2247 venerunt
356 2191 566 2262 Capharnaum.
601 2192 655 2262 Qui
673 2209 738 2245 oum
752 2191 828 2246 domi
848 2196 882 2246 33
892 2193 976 2281 ξῖοῑξέῑ
974 2194 1008 2270 ,g

54 2255 70 2280 ¹⁰
81 2277 188 2341 essent
208 2273 407 2342 interrogabat
427 2289 490 2328 eos:
515 2272 616 2341 Quid
609 2289 638 2326 m
656 2272 704 2326 via
722 2274 829 2326 tracta·
892 2300 921 2334 Μ.
932 2301 990 2341 1⁷4

55 2361 72 2430 ἕξ
81 2355 175 2410 bat1s⁹
194 2354 232 2408 At
246 2353 313 2408 illit
301 2353 446 2409 t.acebant
461 2352 700 2422 siquideminvia
713 2352 788 2407 mter
797 2369 828 2406 se
848 2356 896 2413 34

60 2431 68 2440 ’
83 2436 307 2505 disputaverant,
322 2434 387 2504 quis
403 2451 499 2489 eorum
514 2433 606 2488 maior
620 2437 706 2488 esset.
734 2433 771 2487 Et
787 2449 828 2488 re·
848 2436 883 2488 35
893 2454 951 2495 mn.

83 2516 176 2570 sidens
187 2514 303 2570 vocavit
312 2515 470 2582 duodecim,
481 2517 510 2569 et
522 2513 563 2568 ait
572 2513 640 2568 illis:
654 2512 685 2568 Si
695 2513 759 2583 quis
769 2515 829 2568 vult

83 2597 188 2666 primus
209 2611 281 2661 esse,
302 2595 355 2650 erit
375 2596 500 2650 omnium
519 2594 702 2662 novissimae,
722 2596 751 2648 et
772 2612 829 2649 om-

84 2677 158 2730 nium
166 2675 303 2730 minister.
318 2675 355 2730 Et
364 2675 507 2744 accipiens
516 2691 646 2744 puemm,
654 2674 758 2730 statuit
765 2691 828 2729 eum
848 2679 883 2730 36
894 2696 952 2736 aaa

85 2757 112 2810 in
128 2754 219 2810 medio
237 2772 349 2810 eorum:
370 2771 455 2825 quem
474 2771 538 2809 cum
558 2756 723 2824 complexus
742 2759 829 2821 esset,

136 2923 160 2960 23
175 2938 198 2949 -
214 2917 272 2960 sunt
310 2915 444 2959 alacrim—
459 2924 489 2958 etc
510 2915 513 2967 1
537 2915 667 2960 -domine
707 2921 734 2959 25
749 2915 830 2966 >tibi

87 2981 160 3024 praec.
221 2977 248 3014 26
262 2970 371 3014 clamans
431 2969 539 3013 atillam
596 2975 623 3013 32
638 2973 660 3020 >
677 2980 731 3014 eum
743 2968 828 3013 interr.

87 3032 111 3068 33
125 3025 188 3069 esset
263 3030 289 3067 34
304 3027 326 3073 >
342 3025 448 3067 interae
462 3023 488 3067 in
502 3023 544 3068 via
575 3025 579 3075 t
614 3034 637 3076 q.
652 3021 828 3068 esaettllorum

88 3078 160 3124 maior
227 3085 264 3121 -36
278 3082 354 3128 oum]
371 3080 398 3120 ut

444 3156 483 3200 111
