2275 3434
236 94 367 184 ,as-19.
449 70 571 173 acrvs'
593 116 875 173 APOSTOLORVM.

77 297 176 340 aaran
187 300 234 340 aar.
263 282 280 331 8
299 278 425 345 exibunt,
439 282 469 333 et
483 278 610 335 servient
623 279 692 334 mihi
707 278 735 332 tn
749 278 811 333 Ioco
826 278 891 333 isto.
915 276 953 331 Et
968 276 1043 331 dedit

298 358 338 412 illi
356 361 562 415 testamentum
582 358 818 413 circumcisionis:
839 362 869 413 et
887 357 928 411 sic
945 358 1043 427 genuit

167 452 170 459 ·
298 439 388 506 Isaac,
404 443 433 493 et
447 439 625 494 circumcidit
639 456 704 494 eum
719 438 765 493 die
779 442 896 493 octavo:
913 442 942 493 et
956 437 1044 502 Isaac,

98 492 234 580 Giriifii‘ii‘
263 519 398 574 91acob:
425 522 454 574 et
472 519 572 587 Iacob,
595 518 746 574 duodecim
763 518 955 573 patriarchas.
1011 517 1045 571 Et

82 586 242 671 amitinae:
298 598 483 654 patriarchae
502 600 703 666 aemulantes,
728 598 832 667 Ioseph
856 597 1046 652 vendiderunt

129 684 280 741 annoanlo
298 679 327 733 in
355 679 525 749 Aegyptum.
568 683 598 735 et
629 683 692 734 erat
719 678 798 733 Deus
830 694 895 732 cum
924 694 975 733 eo:
999 679 1047 731 'et

112 745 234 831 “imin
299 759 403 829 eripuit
428 759 492 815 eum
512 776 547 814 ex
566 760 698 815 omnibus
717 758 951 814 tribulationibus
971 760 1045 813 eius:

152 888 155 897 .
191 870 192 873 ¹
286 841 328 895 ·et
353 839 433 895 dedit
458 841 484 894 ei
508 841 648 910 gratiam,
674 844 704 895 et
729 838 901 909 sapientiam
927 840 957 893 in
983 856 1047 893 con-

299 924 400 989 spectu
418 920 577 976 Pharaonis
595 922 672 990 regis
691 920 828 990 Aegypti,
849 923 879 974 et
897 919 1047 975 constituit

300 1018 364 1055 eum
388 1001 587 1070 praepositum
606 1017 692 1070 super
710 1001 888 1071 Aegyptum,
912 1004 944 1055 et
962 1009 1047 1069 super

75 1100 234 1143 summos.
247 1085 278 1136 11
299 1097 411 1137 omnem
431 1080 545 1136 domum
564 1098 655 1136 suam.
686 1081 771 1136 Venit
790 1083 886 1135 autem
906 1080 999 1135 sames
1018 1080 1046 1133 in

298 1161 461 1216 universam
480 1162 655 1231 Aegyptum,
682 1165 711 1216 et
730 1161 880 1227 Chanaan‚
905 1163 936 1215 et
959 1161 1046 1217 tribu·

298 1242 368 1297 latio
386 1259 505 1312 magna:
526 1246 555 1303 et
574 1259 630 1297 nou
650 1242 834 1297 inveniebant
854 1241 935 1297 cibos
949 1246 1047 1311 patres

144 1341 174 1375 a„
186 1344 233 1385 aar.
246 1326 279 1377 12
298 1322 397 1377 nostri.
435 1322 507 1377 Cum
533 1322 662 1377 audisset
685 1325 783 1377 autem
800 1321 885 1377 Iacob
904 1338 971 1376 esse
989 1322 1046 1377 fru-

298 1406 426 1463 mentum
445 1403 473 1457 in
487 1403 632 1472 Aegypto:
652 1402 730 1457 misit
748 1406 847 1472 patres
861 1405 978 1457 nostros
992 1402 1047 1473 pri·

114 1500 145 1536 cn
157 1504 233 1544 aare.
246 1488 279 1538 13
298 1500 390 1537 mum:
428 1487 457 1538 et
481 1483 510 1537 in
536 1482 662 1541 secundo
688 1482 820 1553 cognitus
844 1486 889 1539 est
907 1482 1048 1553 Iosepha

299 1563 436 1619 fratribus
455 1563 530 1631 suis,
556 1567 586 1618 et
603 1563 822 1619 manifestatum
840 1566 886 1618 est
904 1563 1048 1619 Pharaoni

98 1662 130 1731 αξ
142 1666 233 1705 rao-112
246 1648 280 1699 14
298 1660 389 1713 genus
415 1643 484 1698 eius.
522 1644 637 1699 Mittens
658 1647 755 1699 autem
773 1643 876 1713 Ioseph
895 1645 1048 1699 accersivit

86 1709 253 1792 ⁴⁰’'⁷i>i³{0ftssj·
298 1724 382 1779 Iacob
406 1727 519 1793 patrem
543 1741 641 1793 suum,
666 1729 696 1779 et
714 1741 827 1779 omnem
845 1725 1048 1793 cognationem

76 1821 234 1866 ceramon.
247 1808 279 1859 15
298 1821 381 1859 suam
410 1804 439 1859 in
467 1805 618 1860 animabus
646 1805 968 1874 septuagintaquinque.
1011 1806 1047 1860 Et

157 1870 186 1903 Ε*
199 1871 233 1911 ¹‘⁶'
299 1884 447 1940 descendit
471 1885 555 1941 Iacob
571 1886 611 1940 in
634 1886 811 1955 Aegyptum:
837 1889 866 1940 et
891 1885 1047 1941 defunctus

98 1984 128 2018 cn
141 1986 233 2027 niara
246 1970 279 2021 16
299 1970 344 2021 est
369 1966 443 2034 ipse,
470 1970 498 2021 et
516 1970 616 2037 patres
634 1967 734 2022 nostri.
771 1965 808 2022 Et
825 1966 961 2021 translati
980 1971 1049 2022 sunt

93 2031 170 2114 iiii?
182 2032 233 2072 ⁴⁵¹⁹³
299 2046 327 2099 in
346 2046 475 2114 Sichern,
497 2052 526 2101 et
544 2047 632 2116 positi
651 2047 767 2102 suntin
786 2046 955 2116 sepulchro,
971 2046 1048 2117 quod

128 2118 233 2160 ΝΜ·
299 2127 367 2181 emit
385 2127 529 2183 Abraham
554 2128 648 2197 pretio
674 2128 785 2197 argenti
811 2144 829 2181 a
851 2127 918 2181 tiliis
941 2127 1049 2183 Hemor

156 2227 233 2269 nna.
246 2212 277 2263 17
298 2207 347 2261 filii
385 2207 506 2263 Sichem.
559 2207 631 2263 Cum
669 2212 764 2263 autem
802 2208 1049 2277 appropinquaret

297 2291 411 2357 tempus
443 2289 657 2357 promissionis,
689 2305 775 2358 quam
805 2287 957 2343 confessus
985 2293 1050 2343 erat

297 2368 375 2421 Deus
400 2368 548 2435 Abrahae,
577 2369 667 2423 crevit
691 2368 829 2437 populus,
858 2372 887 2421 et
912 2369 1049 2437 multipli-

140 2496 144 2504 .
245 2452 278 2503 18
298 2451 381 2501 catus
408 2452 452 2503 est
477 2449 506 2502 in
527 2448 672 2518 Aegypto,
709 2448 896 2518 quoadusque
922 2449 1049 2503 surremt

299 2528 370 2582 alius
389 2543 440 2583 rex
459 2529 487 2583 iu
501 2530 642 2598 Aegypto,
661 2529 710 2597 qui
729 2546 786 2583 non
805 2528 917 2583 sciehat
933 2528 1046 2599 Ioseph.

142 2613 278 2671 caecilii
298 2608 351 2662 Hic
383 2608 609 2664 circumveniens
640 2626 732 2679 genus
764 2612 908 2675 nostrum,
942 2608 1046 2664 afflixit

127 2676 156 2709 E*
169 2676 234 2718 Μ·
297 2693 395 2757 patres
421 2694 536 2745 nostros
561 2694 594 2744 ut
619 2695 794 2759 exponerent
817 2689 944 2745 infantes
968 2706 1046 2756 suos

351 2910 364 2944 a
378 2904 466 2947 octava
491 2904 493 2954 t
520 2904 540 2957 ge
554 2903 625 2947 Isaac
640 2903 724 2954 (2⁰t2ot
738 2906 783 2952 (eod
797 2905 822 2946 et
836 2912 955 2946 naamam
969 2907 1019 2956 aea)

351 2970 376 3007 14
392 2988 415 2998 -
431 2976 499 3009 suam
566 2973 591 3008 1⁶¹
605 2966 702 3019 sychem
717 2971 750 3009 ote
775 2968 778 3019 Ι
804 2976 895 3009 emmor

352 3035 377 3070 17
393 3034 415 3079 >
432 3028 530 3083 adprop.
547 3030 597 3072 aut.
623 3033 627 3080 Ι
651 3028 848 3083 repromissionis

352 3098 378 3135 18
394 3096 415 3142 >
431 3102 472 3135 rex
487 3090 549 3135 alius
624 3099 650 3134 19
665 3112 689 3135 ε-
704 3094 803 3137 nostros

641 3172 682 3216 316
