2275 3434
229 154 387 222 18,29—43.
465 155 666 210 SEGWDVM
690 154 822 208 chlll.

228 319 263 369 29
282 315 441 370 dimisimus
466 317 577 380 omnia,
603 321 632 369 et
657 315 748 369 secuti
773 331 872 368 sumus
898 317 936 366 te.
975 313 1029 381 Qui
1038 317 1060 384 {¹
1114 365 1115 384 ,

281 395 354 450 dixit
379 397 435 450 eis:
460 398 551 450 Arnen
577 395 641 450 dico
664 395 762 460 vobis,
787 411 870 448 nemo
894 397 955 459 est,
981 383 1054 462 qui*

281 477 397 546 reliquit
423 476 555 543 domum,
582 481 633 530 aut
661 479 811 544 parentes,
838 479 889 528 aut
916 474 1032 538 fratres,

282 561 334 610 aut
358 574 491 624 uxorem,
517 561 568 610 aut
592 557 666 610 filios
689 559 807 624 propter
828 571 948 624 reguum
968 553 1033 619 Dei,

228 640 264 690 30
282 640 312 691 et
336 654 394 692 uon
419 638 540 705 recipiat
562 638 653 691 multo
671 638 754 705 plura
772 637 802 689 in
819 636 874 690 boc
891 638 1034 704 tempore,

283 721 312 771 et
330 718 360 770 in
379 718 494 772 saeculo
512 721 634 772 venturo
652 718 742 770 vitam
762 721 916 771 aeternam.

81 787 219 875 „,3,¹,],³,⁴,{,‚
229 803 262 852 31
353 799 519 868 Assumpsit
537 802 635 852 autem
653 797 733 851 lesus
752 797 915 865 duodecim,
941 801 972 852 et
992 790 1067 869 aitss³

78 879 219 920 seron-u
283 879 353 933 illis:
378 879 452 932 Ecce
477 878 659 932 ascendimus
677 878 892 946 lerosolymam,
917 882 947 931 et
966 894 1036 932 con-

140 943 220 1028 ?ssss
283 959 504 1013 summabuntur
528 959 639 1024 omnia,
664 975 738 1027 quae
764 959 872 1026 scripta
894 961 963 1013 sunt
981 973 1036 1028 per

229 1043 264 1093 32
283 1040 440 1109 propbetas
468 1039 504 1093 de
531 1039 603 1092 Filio
630 1038 761 1092 hominis.
799 1038 929 1093 tradetur
956 1037 1035 1092 enim

284 1119 440 1186 Gentibus,
473 1123 502 1175 et
529 1119 679 1186 illudetur,
711 1125 741 1174 et
767 1119 975 1188 flagellabitur,
1004 1124 1037 1173 et
1116 1129 1117 1132 ’

230 1205 265 1253 33
284 1205 472 1268 conspuetur:
509 1203 539 1254 et
562 1205 718 1270 postquam
740 1199 961 1269 flagellaverint,
988 1215 1036 1253 oc-

130 1285 266 1341 umassl
284 1279 380 1335 cident
405 1297 485 1349 eum,
512 1286 541 1336 et
566 1282 653 1336 tertia
676 1281 722 1335 die
746 1285 885 1349 resurget,
921 1279 958 1335 Et
978 1272 1072 1352 ipsiss}

283 1360 354 1414 nihil
385 1361 486 1416 horum
517 1361 734 1428 intellexerunt,
766 1365 796 1415 et
824 1363 886 1415 erat
913 1360 1035 1414 verbum

284 1440 362 1496 istud
379 1442 580 1497 absconditum
597 1443 633 1496 ab
651 1442 702 1508 eis,
720 1446 750 1495 et
764 1458 820 1495 non
835 1440 1037 1509 intelligebant
1117 1475 1118 1512 3

284 1538 360 1589 quae
378 1521 556 1577 dicebantur.

83 1583 265 1672 „fflssfflffi
355 1601 476 1657 Factum
501 1607 546 1656 est
570 1607 680 1670 autem,
706 1619 771 1656 cum
790 1593 1066 1672 appropinquaretss⁴

79 1675 109 1708 ³¹⁰
122 1675 220 1717 ΨΜ*
284 1682 405 1750 Iericho,
430 1697 534 1737 caecus
560 1682 677 1752 quidam
702 1681 823 1736 sedebat
845 1698 929 1736 secus
948 1683 1035 1748 viam,

230 1766 265 1815 36
283 1762 459 1816 mendicam.
505 1762 542 1817 Et
575 1781 638 1817 cum
669 1763 781 1817 audiret
808 1763 923 1818 turbam
951 1777 1031 1831 prae-

284 1846 461 1909 tereuntem,
504 1843 703 1912 interrogabat
746 1843 815 1912 quid
856 1842 911 1896 hoc
947 1845 1034 1898 esset.

231 1927 264 1976 37
284 1922 425 1976 Dixerunt
455 1927 552 1977 autem
580 1925 622 1992 ei,
655 1923 732 1993 qudd
758 1922 839 1978 Iesus
866 1923 1035 1977 Nazarenus

230 2006 265 2055 38
283 2003 427 2057 transiret.
454 2004 492 2058 Et
511 2004 655 2071 clamavit,
675 2003 788 2057 dicens:
807 2003 872 2058 lesu
886 2002 926 2056 fili
940 2003 1037 2057 David

231 2087 265 2136 39
283 2083 418 2137 miserere
438 2085 501 2137 mei.
538 2082 576 2136 Et
594 2083 643 2152 qui
662 2083 827 2152 praeibant,
846 2081 1037 2151 increpabant

285 2177 350 2216 curn
375 2167 408 2216 ut
430 2167 549 2218 taceret.
586 2163 651 2232 Ipse
669 2179 737 2217 vero
756 2165 847 2218 multo
866 2163 959 2232 magis
978 2164 1037 2217 cla-

229 2246 266 2296 40
284 2242 397 2296 mabatz
416 2243 468 2296 Fili
482 2240 577 2297 David
591 2243 726 2297 miserere
741 2244 804 2298 mei.
835 2243 922 2299 Stans
937 2246 1035 2297 autem

284 2320 364 2375 Iesus
389 2323 473 2376 iussit
491 2323 571 2377 illum
590 2322 693 2377 adduci
713 2323 750 2377 ad
769 2340 808 2378 se.
846 2323 966 2377 Etcum
986 2340 1036 2393 ap-

230 2407 263 2456 41
284 2401 521 2471 propinquasset,
551 2403 739 2472 interrogavit
771 2405 864 2470 illum,
891 2405 895 2442 ¹
920 2403 1035 2458 dicens:

285 2480 353 2549 quid
378 2482 431 2536 tibi
450 2484 494 2537 vis
516 2484 642 2538 faciam?
679 2484 716 2538 At
735 2484 781 2538 ille
801 2483 887 2539 dixit:
913 2483 1035 2538 Domine

162 2567 265 2624 1⁷,1o.42
284 2564 318 2615 ut
336 2561 458 2618 videam.
495 2565 531 2618 Et
549 2565 629 2619 Iesus
650 2565 722 2619 dixit
741 2564 794 2618 illi:
814 2564 944 2632 Respice,
962 2563 1035 2618 fides

230 2649 265 2699 43
284 2644 336 2695 tua
362 2646 391 2696 te
417 2644 528 2699 salvum
548 2644 625 2700 fecit.
663 2646 700 2701 Et
720 2645 873 2700 confestim
892 2643 980 2712 vidit,
1007 2650 1035 2699 et

285 2723 461 2791 sequebatur
474 2725 552 2779 illum
566 2726 754 2795 magnificans
766 2727 865 2780 Deum.
891 2725 928 2779 Et
942 2726 1034 2780 omnis

285 2804 366 2871 plebs
385 2808 418 2859 ut
437 2804 517 2873 vidit,
537 2806 617 2862 dedit
635 2806 748 2861 laudern
768 2807 837 2862 Deo

337 3060 363 3096 31
378 3053 541 3107 hierosolyma

338 3134 365 3167 aa
381 3130 402 3174 >
419 3126 457 3169 die
472 3126 546 3168 tertia

625 3205 666 3249 aa
714 3193 721 3198 .
