2275 3434
212 162 238 230 ἵ,
240 162 363 231 53-8,5.
418 162 537 219 ACTVS
561 160 844 219 APOSTOLORVM.

44 344 72 377 ax
83 344 112 376 n,
125 340 201 385 555
213 326 248 377 53
266 324 379 379 fuistis:
416 325 465 395 qui
490 324 644 394 accepistis
666 324 784 393 legem'
777 340 807 377 in
825 322 1016 393 dispositione

95 389 125 422 ³⁸
136 388 202 429 ¹¹²³·
266 404 446 474 Angelorum,
465 410 495 460 et
513 422 571 459 non
590 404 767 460 custodistis

154 504 201 545 5,.55
211 485 248 537 54
337 485 461 541 Audient
449 490 493 541 tes
511 490 608 541 autem
627 485 699 539 baec
715 484 938 539 dissecabantur
953 492 1051 539 cor-20

267 564 350 619 dibus
378 566 454 634 suia,
483 569 512 621 et
537 564 699 621 stridebant
723 565 858 620 dentibus
883 565 915 618 in
941 582 1015 619 eum.

116 662 132 695 n
143 663 202 705 555
213 646 247 697 55
267 645 339 700 Cum
365 650 461 701 autem
486 651 565 701 esset
583 647 685 716 plenus
704 644 814 716 Spi1itu
832 650 951 712 sancto,
976 646 1017 698 in-

266 725 387 781 tendens
402 726 430 781 in
446 727 565 794 caelum,
579 726 652 782 vidit
664 727 784 795 gloriam
798 726 861 793 Dei,
877 730 907 780 et
921 726 1016 781 Iesum

105 823 133 857 m
143 824 201 865 555.
213 806 247 858 56
266 810 391 861 stantem
417 824 435 863 a
461 806 569 862 dextris
593 807 655 862 Dei.
691 807 728 863 Et
753 807 807 862 ait:
833 806 908 861 Ecce
932 805 1017 860 video

266 888 361 942 caelos
387 892 518 957 apertos,
544 892 574 943 et
597 888 686 942 filium
709 888 832 943 hominis
851 891 1017 942 stantema

212 966 246 1017 57
267 967 375 1022 dextris
393 968 455 1023 Dei.
483 968 685 1023 Exclamantes
705 972 802 1024 autem
818 984 890 1022 voce
910 984 1018 1037 magna

266 1048 467 1103 continuerunt
488 1064 572 1102 aures
591 1065 668 1115 suas,
687 1051 716 1103 et
731 1048 869 1118 impetum
884 1048 1017 1102 fecerunt

143 1146 201 1188 nno.
213 1126 247 1176 58
266 1128 437 1183 unanimiter
462 1128 490 1182 in
517 1144 590 1182 eum.
627 1128 663 1183 Et
683 1128 828 1183 eiicientes
847 1145 912 1182 euru
933 1131 1017 1182 extra

266 1207 412 1263 civitatem
437 1208 620 1278 lapidabant:
647 1211 677 1263 et
702 1213 793 1265 testes
818 1208 1016 1278 deposuerunt

266 1288 438 1344 vestimenta
457 1306 511 1343 sua
529 1306 613 1343 secus
632 1289 721 1358 pedes
740 1289 915 1344 adolescent
893 1293 946 1356 t,1s
965 1289 1013 1358 qui

119 1387 142 1419 e
153 1388 201 1429 55
212 1367 246 1417 59
266 1368 423 1425 vocabatur
442 1369 554 1424 Saulus
592 1369 629 1425 Et
647 1370 815 1439 lapidabant
833 1368 1015 1462 Stephanum

109 1433 132 1465 Ῑ”
143 1433 201 1474 ²³¹⁴⁸'
266 1448 455 1517 invocantem,
470 1454 500 1505 et
514 1450 669 1505 dicentem:
684 1450 805 1505 Domine
818 1450 884 1504 lesu
897 1451 1015 1520 suscipe

117 1550 201 1593 inm.
212 1530 247 1581 60
266 1530 398 1598 spiritum
416 1547 518 1585 meum.
556 1532 663 1586 Positis
682 1535 778 1587 autem
796 1531 932 1600 genibuS,
958 1532 1014 1585 cla·

265 1610 356 1665 mavit
374 1627 445 1666 voce
462 1628 583 1681 magna,
607 1612 717 1667 dicens:
744 1612 879 1679 Domine,
898 1628 936 1667 ne
955 1617 1014 1667 sta-

266 1694 332 1745 tuas
351 1692 405 1746 illis
425 1692 478 1747 hoc
497 1697 656 1762 peceatum.
684 1692 719 1748 Et
735 1710 800 1747 cum
814 1694 868 1747 boc
882 1692 1013 1760 dixisset,

266 1771 472 1827 obdormivit
464 1791 493 1827 m
519 1774 649 1843 Domino
692 1773 796 1829 Saulus
825 1778 922 1828 autem
952 1780 1014 1829 erat

266 1852 448 1908 consentiens
467 1855 530 1909 neci
549 1854 619 1908 eius.

78 1954 129 1993 am
124 1954 200 2040 3333
225 1922 246 1993 8
337 1932 426 1988 Facta
435 1937 543 2068 Eestl
527 1939 624 1989 autem
651 1935 679 1988 in
704 1935 753 2071 issi
770 1934 823 2069 Idie
848 1936 1052 2070 plersecutioal

265 2030 370 2082 magna
388 2014 416 2067 in
460 2015 564 2069 caesia
571 2032 671 2085 ,quae
690 2032 738 2070 era
783 2032 865 2070 eroso
875 2033 965 2085 ymrs
985 2033 1000 2070 e

265 2109 363 2148 omnes
384 2093 506 2164 dispersi
525 2101 593 2150 sunt
612 2112 663 2165 per
681 2096 813 2165 regiones
831 2095 964 2165 Iudaeae,
985 2101 1014 2151 et

104 2195 131 2228 m
144 2196 200 2237 nn.
229 2177 245 2228 2
265 2171 412 2229 Samariae
422 2178 536 2243 praeter
544 2176 705 2245 Apostolos,
726 2174 905 2232 (iuraverunt
916 2181 1014 2231 autern

265 2252 443 2323 Stephanum
457 2255 509 2309 viri
524 2256 660 2322 timorati,
677 2260 706 2311 et
721 2256 851 2311 fecerunt
864 2257 1014 2326 planctum

100 2358 140 2397 o,1;
152 2357 200 2397 aa.
229 2338 245 2387 3
265 2350 399 2403 magnum
414 2352 500 2405 super
515 2346 587 2390 eum.
609 2337 713 2391 Saulus
728 2340 824 2391 autem
839 2336 1014 2393 devastabat

264 2412 421 2469 Ecclesiam
436 2431 487 2485 per
501 2416 601 2471 domos
615 2417 735 2485 intrans,
751 2417 911 2472 attrahens
926 2418 1014 2485 vince,

265 2511 298 2547 ao
317 2494 457 2564 mulieres,
477 2495 612 2551 tradebat
631 2496 658 2551 in
679 2497 847 2553 custodiam.

227 2651 245 2701 4
343 2648 433 2717 igitur
500 2650 548 2718 qui
617 2650 739 2719 dispersi
804 2656 886 2706 erant
949 2670 1015 2721 per-

264 2728 444 2796 transibant,
497 2731 728 2799 evangelizantes
778 2732 897 2786 verbum
948 2733 1013 2787 Dei.

163 2830 199 2871 oa.
229 2809 412 2877 nPhilippus
512 2813 609 2865 autem
708 2811 885 2867 descendens
983 2813 1013 2866 in

318 2976 343 3013 ⁵3
361 2970 386 3015 ln
406 2970 623 3037 dispositionem
672 2980 698 3016 ec
713 2973 1002 3027 >eneruauerunt

265 3022 397 3076 §virtutis
412 3024 455 3067 Dei
536 3032 601 3067 co-
578 3024 641 3069 -in
656 3026 759 3070 Domino

318 3084 495 3140 8591551555
563 3088 692 3131 2551515
760 3092 934 3139 55551555

317 3117 621 3192 455555555555551-
637 3140 679 3184 Dal
791 3165 794 3168 ·

608 3218 648 3260 390
