2275 3434
355 340 420 401 AD
443 341 767 403 LAODICENSES.

186 493 275 536 Paulus
291 492 415 547 apestolus
430 503 479 536 non
495 492 525 536 ab
540 493 678 537 hominibus
692 505 770 548 neque
781 495 953 548 perhomiuem

132 564 175 608 sed
198 575 241 618 per
263 564 359 608 ihesum
380 564 513 618 Christum,
535 563 652 608 fratribus
674 566 715 618 qui
736 569 793 610 sunt
813 566 952 620 Laodiciae,

132 637 214 690 gratie
228 636 300 681 uobis
315 639 339 680 et
353 648 401 690 pax
415 649 430 681 a
445 636 489 680 deo
503 639 573 690 patre
588 639 613 680 et
627 636 724 682 domino
741 638 810 681 ihesu
822 638 924 682 Christo.
961 637 975 681 2

186 707 285 751 Gratias
300 718 348 760 ago
364 707 459 751 christo
473 718 626 761 peromnem
640 708 775 752 orationem
789 720 875 765 meam,
890 709 976 763 quoda

131 781 302 834 permanentes
322 779 383 823 eatis
401 780 427 822 in
442 791 470 824 eo
485 781 509 822 et
522 783 708 834 perseuerantes
726 780 752 823 in
766 780 879 835 operibus
893 779 952 835 eins,

131 851 276 904 promissum
298 852 455 905 expectantes
477 852 501 894 in
524 851 586 896 diem
606 852 696 895 indicii.
723 863 802 905 neque
815 853 976 897 destituent4

131 935 176 968 uos
191 923 341 977 quorundam
354 923 495 977 uaniloqnia
509 923 696 978 insinuantium,
710 927 738 967 ιιι
751 935 795 968 noa
811 927 923 968 auertant
937 937 952 968 a

131 995 235 1039 ueritate
254 995 389 1049 euangelii,
409 995 472 1048 qnod
490 1007 505 1038 a
519 1007 556 1039 me
571 995 733 1049 praedicatur.
762 998 787 1039 et
800 1007 865 1040 nanc
877 996 974 1040 facietd

131 1067 204 1121 dens,
222 1069 249 1109 ut
264 1067 397 1119 quaesunt
414 1077 442 1109 ex
457 1077 495 1109 me
509 1067 540 1110 ad
554 1067 688 1120 proiectum
701 1067 813 1112 ueritatis
828 1068 952 1121 euangelii

132 1171 199 1184 .....
211 1138 378 1183 desennentes
390 1140 415 1181 et
426 1138 544 1182 facientes
556 1139 733 1193 benignitatem
743 1150 840 1194 operum
850 1152 912 1194 quae
920 1141 950 1191 [2]

131 1210 219 1254 salutm
238 1211 304 1254 uitae
323 1212 445 1254 aeternus.
474 1212 499 1253 et
515 1222 580 1253 nunc
598 1211 680 1264 palam
698 1214 755 1255 sunt
773 1211 871 1255 uincula
890 1212 974 1266 meat

131 1293 192 1336 qnue
210 1281 291 1336 patior
308 1281 334 1324 in
353 1281 462 1334 Christo,
480 1282 567 1335 quibam
586 1281 665 1326 laetor
683 1285 708 1327 et
727 1282 830 1336 gaudeo.
844 1334 848 1343 ,
861 1286 887 1327 et
905 1283 973 1328 hoc'i

130 1352 188 1398 mihi
203 1355 241 1397 est
256 1354 286 1396 ad
301 1353 405 1398 salntem
418 1355 571 1408 perpetuam,
585 1354 649 1407 quod
662 1353 742 1408 ipsum
754 1354 844 1398 fectum
861 1356 950 1399 crano-

130 1423 203 1468 nibns
227 1423 316 1468 nestris
341 1425 366 1467 et
389 1423 576 1467 administrante
600 1425 687 1479 spiritu
710 1428 810 1480 sancto,
833 1425 885 1469 siue
908 1438 951 1479 per

130 1495 207 1540 uitam
222 1495 273 1540 sine
292 1507 335 1550 per
349 1498 457 1540 mortem.
487 1497 525 1539 est
544 1497 608 1539 enim
623 1496 683 1541 mihi
700 1497 752 1542 uita
770 1496 795 1540 in
811 1497 906 1542 onusto
926 1499 973 1541 et8

130 1567 191 1611 mori
212 1567 334 1622 gandium.
368 1570 393 1611 et
413 1567 437 1610 id
458 1567 536 1621 ipsum
556 1566 582 1610 in
600 1569 670 1612 uobis
692 1568 767 1612 faciet
785 1568 973 1614 misericordiae

130 1649 182 1706 sna,
198 1640 225 1681 nt
239 1638 340 1683 eandem
355 1638 509 1684 dilectionem
523 1639 636 1684 habeatis
651 1643 676 1684 et
690 1640 745 1684 aitis
760 1641 904 1685 unianimes.

183 1711 257 1764 drgo,
269 1709 429 1764 dilectissimi,
439 1713 466 1755 ιιι
476 1712 580 1756 audiatis
588 1712 729 1766 praesentia
738 1713 792 1768 mei,
801 1712 837 1757 ita
845 1712 949 1756 retinete
960 1713 986 1756 10

130 1783 154 1826 et
169 1781 242 1826 facite
257 1783 282 1825 in
296 1782 383 1827 timore
398 1783 447 1837 dei,
463 1785 488 1827 at
502 1784 548 1828 erit
562 1784 634 1829 nobis
648 1785 700 1829 nita
714 1785 740 1828 in
753 1787 891 1838 aeternnm;
911 1785 950 1829 est
959 1786 984 1829 11

130 1853 193 1896 enim
207 1853 266 1900 deus
281 1853 321 1907 qui
337 1856 450 1908 operatur
462 1854 487 1898 in
502 1866 556 1911 uos,
571 1857 596 1899 et
608 1856 684 1901 facite
697 1857 751 1901 sine
762 1859 869 1901 retractu
879 1867 949 1910 quae·
959 1855 985 1899 12

130 1935 230 1978 cumque
244 1925 335 1969 facitis.

182 1997 214 2041 Et
228 1997 291 2050 qnod
306 2000 355 2051 est,
375 1997 541 2054 dilectissimi,
561 1999 667 2053 gaudete
685 2000 711 2043 in
728 1999 823 2044 Christo
840 2002 865 2044 et
879 2009 948 2054 prae-
959 2001 985 2043 13

129 2070 214 2112 ennete
222 2068 332 2112 sordidos
342 2069 368 2112 in
377 2070 451 2115 lucro.
468 2082 550 2114 omnes
561 2071 612 2114 sint
618 2072 750 2125 petitiones
759 2075 857 2116 nestrae
867 2072 948 2125 palam
958 2072 985 2115 14

129 2139 191 2193 apud
206 2140 283 2194 deum,
298 2141 323 2183 et
336 2143 416 2186 estote
430 2141 493 2185 iirmi
507 2143 532 2185 in
545 2153 618 2186 sensu
629 2143 725 2187 christi.
747 2145 772 2187 et
781 2154 842 2197 quae
851 2143 948 2197 integra
958 2143 984 2186 15

128 2215 153 2256 et
174 2223 232 2255 nera
254 2214 278 2256 et
298 2213 386 2267 pudica
406 2216 431 2258 et
451 2214 517 2258 iusta
538 2216 562 2258 et
584 2215 712 2270 amabilia,
732 2215 814 2259 facite.
843 2219 867 2258 et
886 2226 947 2269 qnae
959 2215 984 2258 16

128 2283 232 2328 audistis
248 2285 272 2328 et
286 2285 429 2340 decepistis,
449 2287 474 2329 in
490 2286 561 2330 corde
574 2287 689 2341 retinete,
708 2288 733 2330 et
747 2288 793 2331 erit
806 2288 877 2331 uobis
890 2299 983 2368 pan.18

181 2355 295 2400 Salutem
312 2367 357 2400 uos
377 2357 465 2401 sancd.
496 2357 582 2402 Gratia
598 2358 690 2402 domini
704 2358 775 2402 ihesu
791 2369 844 2404 cum
861 2359 947 2413 spiritu
958 2376 983 2419 19

126 2430 221 2482 uestro;
241 2430 266 2472 et
279 2428 354 2472 tacite
367 2429 417 2483 legi
436 2430 620 2480 [colosensibus
635 2433 668 2480 et]
686 2431 854 2477 Ooloemaiam
866 2433 946 2477 nebu.
956 2431 984 2475 20

128 2515 341 2522 --·—-—.—.

179 2559 249 2597 inser.
262 2553 321 2608 nup.
338 2555 368 2598 ad
384 2554 542 2599 colossenses
572 2557 623 2600 Ino.
639 2556 671 2599 ad
684 2557 848 2603 laodicenses

179 2607 330 2651 Timotheum
344 2607 451 2652 instituit
465 2610 490 2653 et
504 2610 575 2653 docet
587 2610 616 2653 de
627 2609 781 2655 ordinatione
791 2612 946 2667 episcopatus

125 2662 151 2704 et
165 2661 271 2704 diaconii
286 2663 310 2704 et
325 2662 403 2705 omnis
418 2662 602 2707 ecclesiasticae
617 2663 760 2718 disciplinae

180 2721 268 2768 equae
283 2715 331 2778 1¹⁰⁸]
346 2715 386 2768 qui
405 2717 409 2768 Ι
428 2727 465 2760 ev.
481 2716 532 2759 des.
552 2719 555 2770 i
574 2729 719 2780 operumque
734 2718 779 2763 sai.
816 2720 946 2764 7admini-

126 2770 246 2812 attentem
261 2770 372 2822 spirltum
386 2771 498 2813 sanctum
543 2771 628 2814 onnhi
641 2775 650 2821 ]
664 2773 692 2825 -i-
705 2783 761 2816 vere
800 2773 852 2816 aid
866 2777 875 2824 ]
890 2775 944 2828 ini

127 2821 317 2866 misenoordiam
332 2832 400 2866 suam
453 2830 480 2866 20
495 2837 518 2856 -·
535 2825 595 2873 [Ool.
611 2827 645 2873 et]

179 2880 265 2920 satam.
279 2876 338 2930 nup.
355 2877 385 2920 ad
400 2874 564 2921 Laodicenses
585 2878 635 2923 Ino.
650 2879 681 2922 ad
696 2877 848 2922 Timotheum
861 2880 872 2923 1

448 3043 660 3050 ...ἑῇ-.-

525 3195 580 3241 m
