2275 3434
262 143 461 209 SECVNDVM
482 146 644 203 MARCVM.
746 144 876 211 clo-19..

58 337 124 374 non
151 317 279 372 babebat
304 311 484 369 altitudinem
508 312 618 364 terrae:
656 309 686 360 et
704 303 854 374 quandod

60 401 186 454 exortus
207 401 252 451 est
270 397 328 462 sol,
348 389 544 448 exaestuavit:
566 392 596 442 et
614 403 648 441 eo
668 384 745 454 qudd
762 401 820 438 uon

60 479 196 533 habebat
223 475 365 542 radicem,
394 471 513 528 exaruit.
550 469 589 523 Et
614 466 692 523 aliud
718 463 821 519 cecidit
839 467 877 516 7.

62 561 95 614 in
117 558 231 628 spinas:
256 559 285 611 et
304 554 496 610 ascenderunt
515 551 629 619 spinae,
649 551 679 602 et
697 544 821 600 suffoca-

62 641 174 693 verunt
192 636 270 704 illud,
291 639 320 691 et
340 635 467 689 fructum
486 648 544 686 non
563 628 651 683 dedit.
687 627 725 682 Et
743 623 821 680 aliud
840 626 856 675 8

65 719 174 774 cecidit
199 719 228 772 in
254 721 361 772 terram
384 716 506 768 bonam:
533 714 562 764 et
588 708 677 762 dabat
696 706 822 760 fructum

66 798 291 864 ascendentem,
329 799 358 849 et
390 795 583 856 crescentem,
620 791 649 842 et
682 784 823 840 afferebat

65 897 160 933 unum
175 877 304 946 triginta,
324 891 412 928 unum
429 869 590 938 sexaginta,
608 871 637 921 et
652 883 741 920 unum
758 881 823 919 cen·

67 964 143 1012 turn.
180 957 218 1010 Et
241 955 370 1008 dicebat:
395 951 451 1020 Qui
469 951 557 1003 habet
577 963 661 1002 aures
681 943 823 1010 audiendi,
842 948 859 996 9
877 991 880 996 ,

71 1036 182 1090 audiat.

145 1116 182 1170 Et
201 1131 267 1169 curn
286 1117 363 1168 esset
382 1110 549 1180 singularia,
574 1107 824 1176 interrogaverunt
844 1107 879 1158 10

70 1215 139 1251 eum
164 1195 209 1263 bi,
237 1194 285 1264 qui
309 1210 372 1247 curn
393 1209 426 1246 eo
447 1193 529 1246 erant
549 1187 715 1254 duodecim,
740 1202 824 1255 para·
875 1232 881 1238 .

69 1279 177 1332 bolam.
223 1276 261 1329 Et
293 1273 408 1328 dicebat
440 1271 497 1326 eis:
531 1269 619 1324 Vobis
649 1267 748 1322 datum
779 1269 985 1326 0311111111.

40 1352 60 1430 ῗ
70 1373 159 1412 nosse
178 1355 347 1424 mysterium
365 1353 446 1422 regni
465 1351 531 1405 Dei:
552 1349 631 1404 *illis
650 1352 756 1415 autern,
775 1346 824 1416 qui

73 1439 146 1491 foris
165 1437 242 1503 sunt,
261 1435 289 1488 in
308 1432 453 1504 parabolis
473 1431 572 1486 omnia'
587 1430 674 1484 fiunt:
878 1475 881 1479 .

111 1521 145 1570 ut
162 1515 292 1570 videntes
311 1514 437 1580 videant,
457 1516 486 1567 et
504 1529 561 1566 uon
580 1510 712 1564 videant:
845 1511 985 1566 1111111.

112 1601 140 1652 et
160 1595 309 1651 audientes
329 1593 456 1660 audiant,
475 1595 505 1647 et
522 1609 581 1646 non
599 1589 773 1658 intelligant:
888 1570 997 1656 ᾖέξξὶθ,

146 1675 297 1747 nequando
313 1676 525 1739 convertantur,
545 1674 575 1725 et
589 1670 770 1724 dimittantur
784 1668 826 1721 eis

183 1759 312 1826 peccata.

75 1841 113 1894 Et
133 1838 173 1892 ait
192 1836 259 1891 illis:
279 1835 403 1890 Nescitis
417 1835 586 1904 parabolam
602 1832 694 1886 hanc?
714 1832 744 1883 et
758 1844 827 1896 quo·
847 1831 883 1882 13

49 1912 161 1990 a{modo
181 1933 279 1972 omnes
298 1917 452 1984 parabolas
472 1912 671 1983 cognoscetis?
709 1908 764 1979 Qui
783 1924 827 1962 se·
847 1911 880 1962 14

79 1999 176 2065 minat,
194 1998 313 2051 verbum
333 1995 464 2050 seminat.
501 1994 537 2047 Hi
558 1997 655 2047 autern
674 1994 757 2056 sunt,
778 1988 828 2056 qui
847 1991 881 2043 15

81 2079 157 2133 circa
181 2078 271 2144 viam,
297 2076 346 2129 ubi
372 2075 530 2128 seminatur
553 2073 688 2138 verbum,
715 2074 828 2124 etcum
879 2086 883 2120 :

80 2157 234 2225 audierint,
259 2155 412 2211 confestim
431 2154 510 2208 venit
529 2157 662 2218 satanas,
684 2154 714 2205 et
732 2149 829 2203 aufert

80 2240 213 2306 verbnm,
246 2235 323 2307 quod
356 2235 529 2289 seminatum
561 2236 607 2286 est
637 2231 667 2284 in
696 2229 829 2284 cordibus

82 2336 186 2374 eorum.
219 2318 256 2372 Et
270 2317 299 2371 hi
313 2319 381 2371 sunt
395 2313 533 2380 similiter,
548 2313 597 2382 qui
612 2327 699 2380 super
712 2313 830 2380 petrosa
850 2314 884 2365 16

83 2399 275 2454 seminantur:
302 2397 350 2466 qui
370 2413 435 2450 cum
454 2393 597 2449 audierint
615 2394 747 2458 verbum,
771 2393 830 2446 sta·

82 2481 212 2534 timeum
228 2477 333 2548 gaudio
349 2476 492 2546 accipiunt
507 2474 590 2529 illud:
608 2476 638 2527 et
651 2489 708 2526 non
722 2472 830 2526 habent
850 2476 882 2527 17

82 2559 207 2614 radicem
232 2559 261 2612 in
286 2575 326 2624 se,
350 2557 401 2611 sed
424 2556 597 2625 temporales
620 2557 701 2608 sunt:
728 2552 830 2606 deinde
878 2602 881 2606 4

84 2643 146 2694 orta
164 2639 348 2693 tribulatione
368 2642 397 2692 et
415 2636 615 2706 persecutione
633 2636 752 2703 propter
769 2649 831 2687 ver-

83 2722 159 2787 bum,
179 2719 331 2774 confestim
354 2717 594 2772 scandalizantur.
632 2715 668 2769 Et
688 2714 736 2768 alii
754 2717 831 2781 sunt,
852 2718 884 2768 18

84 2800 132 2870 qui
155 2800 184 2853 in
208 2799 298 2868 spinis
323 2799 512 2852 seminantur:
541 2797 570 2850 hi
594 2799 674 2862 sunt,
699 2795 747 2863 qui
770 2811 831 2848 ver-

84 2883 151 2934 bum
166 2879 295 2947 audiunt,
308 2881 350 2934 'et
365 2880 518 2932 aerumnae
530 2876 647 2943 saeculi,
657 2878 687 2929 et
701 2874 831 2943 deceptio
852 2878 885 2926 19
896 2893 984 2935 iopam.

137 3013 271 3058 ohaberet
337 3011 557 3066 autrigesimum
582 3009 586 3062 Ι
612 3011 692 3053 etun.
708 3018 791 3060 sexag.
818 3008 821 3057 Ι

87 3067 297 3123 &sexagesimum
320 3069 323 3114 l
347 3063 542 3122 &centesimum
584 3070 611 3105 ro
625 3074 679 3107 cum
692 3060 793 3105 duodec.
818 3063 822 3112 Ι

87 3122 216 3176 parabolas
270 3120 373 3164 1131110
427 3125 454 3161 12
467 3127 499 3162 ne
514 3115 611 3171 quando
666 3113 780 3162 15001111

454 3197 481 3242 93
