2275 3434
275 119 416 186 9,]1-22.
503 121 701 177 SECVNDVM
722 122 883 177 Mannvn.

328 285 424 336 rentes
439 282 507 351 qnid
522 290 612 339 esset:
629 282 700 337 Cum
715 300 733 338 a
747 283 865 339 mortuis
880 286 1085 338 resurrexerit.

275 364 306 414 11
326 362 363 416 Et
388 363 606 432 interrogabant
632 380 712 430 eum,
739 363 883 418 dicentes:
909 363 990 433 Quid
1015 358 1106 433 ernis}

327 443 426 498 dicunt
458 443 622 511 Pharisaei,
656 449 685 498 et
719 443 851 512 Scribae,
884 444 953 513 qnia
989 443 1083 498 Eliam

176 539 204 572 m
215 541 262 582 aaa
274 523 307 574 12
327 528 441 592 oportet
459 523 556 579 venire
574 525 719 594 primum?
755 524 811 594 Qui
829 523 1024 593 respondem,
1045 528 1082 579 ait

183 585 203 618 ¹¹
214 585 263 628 Μ’·
326 604 393 657 illis:
408 604 484 658 Elias
500 621 564 658 cum
578 604 689 659 venerit
702 605 803 674 primo,
818 604 952 659 restituet
968 608 1082 659 omnia:

327 687 356 737 et
379 684 521 752 quomodo
545 685 684 753 scriptum
708 689 753 739 est
773 685 802 738 in
821 684 923 738 Filium
943 683 1082 743 hominis.

164 765 307 824 ni11,14.13
326 767 358 817 nt
383 765 473 818 multa
491 765 621 833 patiatur
639 769 669 819 et
688 768 896 820 contemnatur.
935 764 998 819 Sed
1019 766 1082 820 dici·
1104 776 1106 791 ²

124 824 173 868 ¹¹³⁸
185 826 262 868 ¹'⁰’⁹'¹⁰'
326 844 408 897 vobis
441 845 507 914 quia
540 848 569 900 et
597 845 675 900 Elias
703 845 782 900 venit
809 847 850 912 (et
878 845 1016 901 fecerunt
1046 849 1083 900 ilii

228 949 232 956 ·
327 941 522 995 quaecumque
554 927 717 992 voluerunt)
751 926 825 980 sicut
858 926 1003 993 scripturn
1040 935 1082 981 est

328 1004 362 1058 de
382 1022 423 1060 eo.

125 1083 262 1171 Mt¹1⁴,‚·1{{;,·
274 1087 308 1138 14
398 1086 434 1139 Et
452 1087 571 1141 veniens
591 1085 628 1139 ad
647 1085 803 1155 discipulos
823 1103 904 1153 suos,
925 1087 1004 1142 vidit
1024 1092 1082 1143 tur·

148 1173 164 1206 n
175 1174 262 1216 ⁹2⁸⁷-ss
326 1165 392 1220 bam
403 1183 538 1236 magnam
551 1166 626 1219 circa
637 1182 695 1233 eos,
708 1170 737 1221 et
747 1165 864 1220 Scribas
873 1167 1082 1235 conquirente,

274 1247 307 1300 15
327 1263 391 1300 cum
407 1247 470 1300 inis.
508 1247 545 1300 Et
561 1247 714 1301 confestim
729 1247 822 1300 omnis
835 1247 960 1316 populus
974 1248 1081 1303 videns

325 1327 428 1394 lesum,
443 1326 625 1396 stupefactus
636 1330 689 1394 est,
699 1331 728 1381 et
738 1329 924 1396 expaverunt,
939 1331 969 1381 et
979 1344 1081 1383 accur-

274 1408 307 1460 16
325 1410 422 1462 rentes
446 1405 613 1460 salutabant
637 1423 710 1461 eum.
747 1407 784 1461 Et
803 1407 993 1476 interrogavit
1016 1427 1079 1464 eos:

273 1489 306 1541 17
327 1486 401 1557 Quid
428 1487 503 1541 inter
530 1503 582 1540 vos
611 1487 799 1556 conquiritis?
835 1487 872 1541 Et
896 1489 1092 1556 respondens..

326 1584 400 1622 unus
419 1566 454 1620 de
473 1567 573 1634 turba,
597 1566 683 1622 dixit:
709 1567 860 1637 Magister,
884 1567 969 1621 attuli
987 1569 1077 1624 filiuni

274 1651 307 1701 18
326 1664 420 1702 meum
440 1646 477 1700 ad
495 1651 524 1701 te
543 1647 697 1702 habentem
716 1648 848 1717 spiritum
866 1651 993 1703 mutum:
1032 1652 1077 1720 qni

325 1727 497 1795 ubicumque
523 1743 588 1782 eum
614 1727 849 1796 apprehenderit,
876 1728 968 1782 allidit
988 1729 1074 1785 illum

327 1813 356 1863 et
375 1811 499 1876 spumat,
519 1811 547 1862 et
567 1807 670 1862 stridet
689 1807 831 1876 dentibus,
851 1812 880 1863 et
899 1809 1023 1864 arescit:
1053 1818 1077 1864 et

328 1887 386 1941 dixi
405 1887 552 1957 discipulis
571 1887 630 1942 tuis
649 1891 682 1942 ut
701 1888 836 1943 eiicerent
855 1889 946 1956 illum,
970 1893 1000 1944 et
1020 1909 1075 1945 non

274 1971 307 2021 19
326 1971 490 2036 potuerunt.
522 1968 578 2038 Qui
592 1968 770 2038 respondens
784 1969 835 2036 eis,
850 1968 935 2023 dixit:
950 1967 974 2022 0
990 1986 1076 2038 gene-

326 2048 400 2102 ratio
408 2047 561 2115 incredula,
572 2048 709 2118 quamdiu
717 2047 794 2117 apud
800 2064 853 2103 vos
862 2050 927 2102 ero?
938 2052 1074 2118 quamdin

271 2132 307 2183 20
325 2145 377 2182 vos
391 2129 504 2198 patiar?
524 2128 626 2184 afferte
640 2129 718 2183 illum
733 2129 770 2182 ad
783 2145 837 2184 me.
864 2129 901 2183 Et
916 2131 1072 2185 attulerunt

326 2225 398 2262 eum.
435 2209 472 2263 Et
498 2225 562 2263 cum
586 2209 708 2263 vidisset
731 2225 810 2276 eum,
836 2209 935 2263 statim
955 2210 1073 2278 spiritus

326 2289 508 2344 conturbavit
526 2289 617 2344 illum:
637 2293 667 2344 et
686 2289 773 2344 elisus
788 2290 816 2343 in
830 2294 945 2356 terram,
964 2291 1074 2345 voluta-

271 2373 304 2423 21
324 2370 411 2424 batur
429 2385 575 2439 spumans.
609 2370 646 2424 Et
664 2369 853 2439 interrogavit
870 2373 983 2439 patrem
997 2371 1073 2424 eius:

326 2449 470 2519 Quantum
489 2451 628 2520 temporis
648 2453 693 2504 est
713 2465 748 2504 ex
768 2466 824 2519 quo
839 2451 866 2504 ei
880 2451 935 2504 boc
949 2450 1073 2505 accidit?

271 2534 306 2584 22
325 2530 362 2583 At
386 2531 432 2584 ille
457 2531 511 2585 ait:
537 2531 582 2584 Ab
601 2528 739 2584 infantia:
761 2531 807 2584 'et
826 2530 991 2600 frequenter
1009 2547 1071 2585 eum

326 2611 354 2664 in
373 2610 477 2680 ignem,
497 2611 574 2666 etin
595 2627 685 2679 aquas
704 2610 783 2664 misit
800 2613 834 2664 ut
853 2627 917 2665 eum
932 2610 1071 2680 perderet.

325 2690 376 2745 sed
409 2692 433 2746 si
466 2690 534 2761 quid
567 2693 666 2759 poteS‚
702 2689 806 2744 adiuva
838 2708 907 2758 noa,
939 2691 1071 2745 misertus

378 2887 402 2924 11
418 2879 530 2934 oporteat

378 2934 464 2976 151es.
479 2937 488 2983 ]
504 2943 558 2976 cnm
583 2931 587 2986 Ι
613 2933 652 2975 ost
666 2934 832 2985 [expancrnnt]

378 2987 543 3035 18illum10]
559 2996 614 3030 eum
694 2991 721 3028 19
734 2985 794 3030 dicit

378 3047 405 3083 20
418 3040 466 3084 vid.
480 3040 548 3084 ilium
573 3042 577 3090 Ι
603 3038 716 3084 conturb.
730 3050 785 3084 curn

379 3093 542 3145 21>hocoi
566 3094 571 3145 Ι
597 3091 724 3146 amet
810 3092 978 3146 aeetinign.

669 3170 711 3213 no
