2275 3434
209 155 370 226 beo-41.
416 157 536 215 ACTVS
559 156 842 216 APOSTOLORVM.

265 322 309 373 tes
329 322 425 375 autem
444 336 480 375 ne
499 321 527 375 in
547 337 652 390 aspera
673 321 737 376 loca
754 320 959 386 incideremus
978 319 1014 374 de

264 400 353 469 puppi
372 401 520 456 mittentes
540 402 681 457 anchoras
700 405 853 472 quattuor,
873 402 1014 471 optabant
1122 433 1123 486 p

210 482 246 533 30
265 479 340 534 diem
358 480 426 534 fieri.
477 482 580 537 Nautis
599 499 667 537 vero
690 482 894 552 quaerentibus
914 481 1015 551 fugere
1122 505 1123 530 t

264 558 300 614 de
318 561 393 627 navi,
412 578 477 615 cum
491 563 639 617 misissent
656 563 794 633 scapham
808 564 838 617 in
851 578 942 630 mare,
960 562 1015 615 sub
1122 565 1123 570 ’

265 641 384 696 obtentu
412 643 495 711 quasi
522 643 682 712 inciperent
710 661 727 698 a
755 660 841 713 prora
872 643 1015 698 anchoras

211 723 243 773 31
265 720 426 788 extendere,
443 722 532 777 'dixit
550 722 657 778 Paulus
677 723 851 791 Centurioni,
871 727 901 777 et
921 723 1016 778 militi-

264 801 331 855 bus:
351 802 413 856 Nisi
432 802 460 856 hi
480 803 508 857 in
527 805 595 857 navi
613 804 780 872 manserint,
798 821 851 858 vos
865 804 940 858 salvi
954 804 1016 858 fieri

210 884 245 935 33
264 898 320 936 non
340 883 471 951 potestis.
504 882 585 938 Tunc
602 884 787 939 absciderunt
804 884 910 939 milites
929 884 1016 939 funes

141 982 199 1014 aar.
211 964 245 1015 33
264 963 399 1032 scaphae,
419 966 448 1018 et
466 964 546 1033 passi
561 968 630 1019 sunt
643 981 707 1019 eam
721 964 860 1019 excidere.
898 964 936 1019 Et
951 982 1017 1019 cum
1123 1025 1125 1038 ἰ

152 1027 199 1067 ²²⁴⁰·
265 1043 313 1096 lux
345 1043 484 1113 inciperet
515 1044 592 1112 fieri,
618 1046 747 1115 rogabat
774 1044 881 1099 Paulus
914 1061 1017 1099 omnes

265 1138 377 1177 sumere
392 1124 495 1191 cibum,
506 1124 617 1179 dicens:
637 1124 860 1195 Quartadecima
872 1124 919 1179 die
929 1125 1017 1179 hodie

265 1207 452 1273 expectantes
463 1205 549 1259 ieiuni
556 1206 739 1274 permanetis,
749 1205 819 1259 nihil
830 1206 1017 1275 accipientes,

76 1302 130 1335 ism
142 1285 247 1344 1⁴,a34
265 1283 386 1352 Propter
412 1284 488 1353 quod
513 1301 582 1354 rogo
607 1302 660 1340 vos
686 1286 816 1355 accipere
841 1286 937 1340 cibum
963 1304 1017 1356 pro

75 1347 201 1433 ‘iiiiii
266 1364 359 1417 salute
383 1366 492 1418 vestra:
519 1365 588 1434 quia
612 1366 717 1420 nullius
739 1370 868 1421 vestrum
893 1366 1016 1435 capillus

42 1442 246 1504 rc,11.1rc,⁴.35
266 1443 301 1497 de
333 1444 429 1512 capite
460 1445 573 1513 peribit.
620 1444 657 1500 Et
689 1463 753 1501 cum
780 1448 852 1501 haec
881 1446 1017 1514 dixisset,

115 1506 131 1539 L
142 1508 201 1549 ²²³⁹·
266 1540 382 1578 sumens
401 1541 514 1594 panem,
532 1526 642 1593 gratias
662 1527 721 1595 egit
735 1526 796 1581 Deo
813 1527 843 1581 in
857 1530 1017 1596 conspectu

266 1603 406 1659 omnium:
427 1609 539 1660 etcum
559 1606 702 1675 fregisset,
722 1607 817 1676 coepit
831 1607 1016 1663 manducare.

154 1686 247 1745 o,1o.36
265 1683 500 1754 Animaequiores
528 1690 625 1740 autem
653 1687 724 1741 facti
752 1704 865 1756 omnes,
896 1692 927 1743 et
959 1688 1017 1758 ipsi
1124 1727 1126 1764 ,

212 1766 245 1817 37
266 1769 450 1835 sumpserunt
476 1766 578 1820 cibum.
621 1766 741 1822 Eramus
767 1784 834 1823 vero
861 1769 1015 1823 universae
1124 1775 1126 1784 '

212 1846 247 1897 38
266 1844 378 1900 animae
395 1846 426 1899 in
444 1846 511 1899 navi
531 1846 671 1901 ducentae
686 1849 872 1917 septuaginta
885 1864 946 1903 sex.
978 1849 1011 1903 Et

266 1926 365 1980 satiati
390 1926 452 1981 cibo
472 1927 646 1981 alleviabant
663 1944 779 1996 navem,
803 1929 947 1983 iactantes
967 1930 1013 1984 tri·

212 2008 247 2058 39
266 2006 354 2060 ticum
369 2006 397 2060 in
411 2022 497 2061 mare.
545 2006 617 2061 Cum
632 2012 728 2063 autem
742 2008 804 2063 dies
819 2009 915 2064 factus
927 2013 1015 2077 esset,

266 2089 372 2141 terram
385 2103 442 2140 non
453 2086 664 2157 agnoscebant:
685 2089 778 2144 sinum
787 2106 855 2143 vero
870 2089 1015 2159 quendam

267 2166 488 2222 considerabant
506 2168 661 2223 habentem
679 2169 769 2237 littus,
788 2170 817 2223 in
836 2187 922 2239 quem
938 2170 1017 2239 cogi-

211 2248 384 2318 rotabant,
408 2248 433 2301 si
458 2253 593 2317 possent,
620 2249 721 2303 eiicere
745 2265 856 2305 navem.
893 2249 1017 2304 Etcum

267 2328 406 2383 anchoras
426 2328 625 2396 sustulissent,
645 2330 863 2386 committebant
881 2346 913 2384 se
931 2331 1015 2398 mari,

266 2407 349 2462 simul
368 2410 500 2464 laxantes
523 2410 671 2463 iuncturas
693 2410 965 2479 gubemaculorum:
986 2414 1016 2465 et

266 2489 360 2543 levato
381 2493 527 2544 artemone
547 2489 704 2544 secundum
727 2508 815 2545 aurae
833 2491 933 2545 flatum
952 2494 1015 2545 ten·

212 2571 245 2622 41
266 2568 374 2623 debant
403 2570 439 2623 ad
466 2570 556 2624 littus
600 2568 637 2623 Et
664 2586 729 2624 cum
755 2570 956 2625 incidissemus
984 2572 1014 2624 in

266 2649 359 2704 locum
387 2648 589 2717 dithalassum,
622 2650 803 2719 impegerunt
833 2668 951 2706 navem:
984 2654 1015 2705 et

318 2824 346 2861 80
360 2822 383 2869 >
400 2829 416 2862 a
428 2829 500 2872 prora
514 2818 587 2873 incip.

319 2887 346 2925 33
361 2884 384 2932 >
399 2881 471 2925 hodio
485 2881 524 2926 dic

319 2949 347 2986 se
361 2942 533 2987 adsumserunt

318 3011 345 3048 39
358 3008 460 3059 possent
474 3006 518 3050 eic.
534 3008 567 3059 (-
580 3008 596 3061 ,)

319 3073 346 3109 ro
360 3068 524 3113 abstulissent
548 3070 552 3123 Ι
578 3073 602 3119 >
618 3069 669 3113 flat.
685 3080 759 3114 aurae

319 3134 343 3171 41
359 3129 520 3174 bithalassum

609 3210 651 3255 386
