2275 3434
285 173 485 230 SECVNDVM
510 174 685 230 ΙΟΑΝΝΕΜ.
749 174 902 241 Sue-iio.

101 346 194 387 meum
224 334 399 403 servaverit,
433 338 555 391 mortem
586 352 644 391 non
675 334 785 390 videbit
816 333 845 389 in

101 416 253 469 aeternum.
279 414 421 470 Dixerunt
435 432 504 485 ergo
517 414 627 471 ludaei:
646 415 729 470 Nune
743 430 845 484 eogno-
864 416 899 468 52
909 434 987 475 usos.

100 490 192 547 vimus
208 494 275 564 quio
290 494 472 551 doemonium
487 495 586 551 habes.
613 494 759 551 Abraham
772 510 858 551 mor·.

99 576 168 627 tuus
186 576 242 642 est,
267 578 298 631 et
314 574 492 645 Prophetae:
518 579 548 630 et
564 580 600 631 tu
617 575 703 631 diois:
730 573 846 644 Siquis

99 668 258 711 sermonem
289 671 385 711 merim
417 656 591 723 servaverit,
626 672 686 711 non
715 654 846 724 gustabit

98 736 217 789 mortem
243 736 271 790 io
297 739 453 792 aeternum„
490 735 636 806 Numquid
653 739 686 791 tu
704 734 845 792 maiores
864 738 957 796 odon.

99 816 181 882 poue
204 820 303 872 nostro
323 816 482 885 Abrohom,
508 816 557 886 qui
575 819 708 872 mortuus
725 816 790 871 est?
816 818 846 870 et

98 893 261 964 Prophetae
272 896 377 953 mortui
392 900 468 953 sunt.
494 897 586 968 Quem
599 901 630 952 te
643 896 738 966 ipsum
752 895 845 951 iacis?

99 974 255 1045 Respondit
273 977 368 1033 leuis:
395 976 426 1033 Si
449 994 503 1048 ego
525 977 653 1048 glorifico
671 992 718 1031 me
741 975 846 1045 ipsum,
864 978 900 1031 54

100 1055 188 1125 gioria
214 1073 280 1112 mee
306 1057 377 1113 nihil
402 1061 461 1113 est:
490 1060 536 1113 est
559 1057 648 1112 Pater
672 1072 768 1122 meus,
795 1055 846 1126 qui

99 1134 238 1203 glorificat
264 1153 326 1204 me,
354 1154 439 1207 quem
466 1154 518 1193 vos
547 1136 643 1193 dicitis
671 1135 739 1206 quio
766 1136 846 1191 Deus

99 1219 192 1273 voster
224 1221 285 1284 est,
306 1218 313 1257 ¹*
327 1221 357 1273 et
388 1235 445 1275 non
473 1216 650 1287 cognovistis
678 1232 758 1271 eum:
791 1232 846 1285 ego
864 1218 956 1277 torro

100 1300 194 1352 autem
212 1298 280 1353 novi
300 1314 378 1355 euru:
404 1298 486 1353 Etsi
505 1297 604 1353 dixero
622 1296 691 1367 quia
708 1313 766 1353 non
784 1296 845 1353 seio
908 1281 936 1314 ¹¹²
947 1281 1006 1321 Μ’·

99 1392 175 1446 eron,
204 1395 253 1434 ero
279 1378 380 1434 similis
405 1378 503 1446 vobis,
531 1377 665 1433 mendax„
701 1376 760 1433 Sed
785 1377 846 1432 seio

98 1473 169 1526 erun,
188 1462 218 1514 et
232 1474 394 1515 sermonem
408 1459 470 1515 eius
483 1475 577 1515 servo.
604 1458 748 1513 Abraham
762 1460 847 1527 poter
864 1462 918 1513 561
930 1477 945 1509 Ρ
957 1479 992 1517 qo

99 1541 191 1595 vester
211 1540 352 1595 exultovii
370 1543 402 1595 ut
421 1538 533 1595 rideret
545 1538 622 1594 diem
635 1554 745 1593 meum:
764 1536 846 1603 vidit,

99 1621 125 1673 et
142 1619 263 1687 gavisis
282 1622 335 1675 est.
363 1618 504 1675 Dixenmt
518 1636 587 1689 ergo
601 1617 699 1674 Iudaei
713 1616 752 1673 ed
765 1634 844 1673 eum:
864 1623 899 1673 57

98 1698 313 1769 Quinquaginta
331 1716 426 1755 annos
440 1698 567 1755 nondum
585 1698 690 1765 hebes,
709 1701 739 1753 et
756 1697 846 1753 Abro-

98 1778 161 1835 hom
186 1778 307 1835 vidisti?
344 1779 424 1835 Dixit
447 1780 488 1835 eis
507 1778 604 1835 Iesus:
629 1779 736 1844 Amen,
761 1793 845 1833 omen
864 1781 899 1833 58
908 1800 937 1832 oo.

98 1858 158 1915 dieo
173 1859 266 1928 vobio,
277 1863 431 1931 antequem
440 1860 586 1915 Abrahmn
600 1859 690 1925 fieret,
704 1875 758 1928 ego
772 1874 844 1913 sum.

98 1939 234 1996 Trderunt
259 1956 327 2010 ergo
352 1940 476 2010 lapidee,
502 1944 539 2006 ut¹
559 1940 686 1995 iaoereut
710 1936 740 1992 in
765 1954 844 1993 eum:
864 1943 968 2003 wion.

99 2020 175 2076 Iesus
194 2024 294 2077 autem
311 2020 463 2076 abscondit
478 2038 519 2089 se,
534 2024 563 2075 et
577 2019 666 2075 exivit
680 2018 715 2073 de
729 2018 844 2087 templo.

165 2101 203 2157 ut
227 2101 407 2171 praeteriens
424 2102 504 2157 Iesus
523 2100 596 2157 vidit
618 2100 763 2157 hominem
782 2113 846 2153 eoe-
865 2091 884 2163 9
909 2118 997 2163 Aaou
1011 2122 1057 2161 uo.

100 2200 161 2237 oum
194 2198 212 2236 a
239 2181 409 2237 nativitate:
447 2186 477 2237 et
504 2182 756 2251 interrogaverim
780 2185 881 2235 eumd
909 2201 983 2242 uror.

101 2261 229 2333 disupuii
261 2262 340 2317 eius:
374 2263 483 2330 Robhi,
515 2262 579 2332 quis
612 2260 759 2331 peccavit,
790 2259 846 2326 hio,
908 2247 997 2288 ‘¹²⁰³‘

101 2347 149 2399 out
178 2346 317 2413 parentes
348 2343 425 2411 eius,
461 2348 494 2398 ut
526 2358 630 2397 caecus
658 2340 845 2396 nosceretur?
1051 2405 1055 2413 Ι

102 2422 255 2493 Respondit
274 2422 369 2479 Iesus:
394 2423 494 2492 Neque
516 2423 563 2477 hio
581 2422 727 2491 peccavit,
752 2436 846 2489 noque
864 2426 881 2475 3
910 2443 956 2484 uu.

103 2507 232 2573 poeotes
260 2503 339 2559 eius:
369 2502 421 2559 sed
448 2507 480 2558 ui
507 2502 731 2558 manifestentur
757 2517 846 2570 opere

104 2584 152 2639 Dei
190 2583 220 2639 in
262 2584 317 2639 illo.
373 2584 417 2638 Me
458 2587 573 2653 oportet
609 2582 721 2653 operari
757 2587 881 2650 opere4
909 2602 990 2645 quoq
1003 2604 1049 2643 uo.

104 2664 174 2731 eius,
220 2664 268 2733 qui
315 2664 393 2719 misit
439 2680 500 2731 me,
545 2663 636 2719 donec
679 2660 740 2716 dies
785 2664 844 2715 est:

105 2743 177 2799 veuit
211 2761 284 2812 nox,
321 2743 434 2813 quando
470 2760 554 2799 uerno
591 2745 689 2812 potest
725 2739 844 2812 operari.

106 2824 235 2895 quamdiu
267 2840 330 2879 sum
359 2824 387 2879 in
416 2823 537 2892 mundo,
569 2825 618 2877 lux
646 2839 711 2878 sum
737 2820 881 2877 mundi5
909 2844 960 2886 ψη
973 2842 1031 2884 uos.

105 2904 177 2960 Haeo
195 2921 259 2959 oum
279 2902 408 2973 dixisset,
429 2904 528 2973 expuit
546 2904 575 2958 in
594 2907 710 2970 terrem,
729 2906 758 2957 et
776 2900 846 2955 feeit
865 2908 881 2957 6
910 2922 940 2955 uo
952 2922 999 2965 ooo.

154 3038 287 3093 ostiense
314 3036 317 3093 Ι
343 3038 365 3082 d.
381 3040 464 3083 noster
545 3038 610 3081 root
622 3035 685 3082 vidit
774 3052 778 3057 v

155 3094 230 3149 0,1-
245 3092 313 3139 lesus
394 3092 482 3137 odiso.
497 3092 535 3136 sui

156 3148 245 3200 e>iu
260 3146 348 3193 mundo
363 3158 416 3192 sum

459 3226 500 3276 259
