2275 3434
277 167 427 224 IOANNIS
450 168 631 225 EPISTOLA
653 171 674 225 Ι.
750 171 901 241 3,17-4,3.

99 326 272 383 charitatem
291 328 358 396 Dei,
384 331 520 399 quoniam
543 330 590 386 ille
614 331 740 387 animam
765 349 848 386 suam

98 423 152 474 pro
170 408 254 462 nobis
272 411 383 478 posuit:
404 412 433 464 et
452 427 505 465 nos
525 411 663 466 debemus
681 429 734 481 pro
753 412 848 467 fratri·

98 487 155 541 hus
170 488 281 543 animas
295 505 408 558 ponere.
435 491 491 560 Qui
504 491 638 547 habuerit
652 492 857 549 substantiam,
868 496 900 546 17
911 514 957 555 aaa
974 513 1001 546 m
1012 515 1059 556 rar.

99 568 186 624 huius
205 569 311 637 mundi,
336 573 366 625 et
385 570 489 626 viderit
508 572 628 628 fratrem
647 589 731 627 suum
749 589 848 627 neces·

100 647 217 704 sitalem
236 647 356 718 habere,
383 654 412 706 et
438 652 574 707 clauserit
592 653 705 708 viscera
729 670 783 708 sua
811 654 847 708 ab

64 733 150 784 12eo:
171 729 312 799 quomodo
331 731 457 786 charitas
472 732 525 786 Dei
540 736 638 788 manet
657 734 686 788 in
705 734 760 788 eo?
803 734 847 788 Fi·
868 735 901 787 18
910 753 1070 797 seruposa.

101 809 159 864 lioli
178 810 248 878 mei,
267 828 324 866 non
343 811 494 882 diligamus
513 813 611 881 verbo,
630 830 723 883 neque
741 814 847 882 lingua,

100 889 153 944 sed
171 907 257 960 opere
283 894 313 946 et
337 891 468 952 veritate.
512 893 541 946 in
567 893 622 948 hoc
647 894 847 962 cognoscimus
868 896 901 947 19

100 971 236 1040 quoniam
255 987 291 1026 ex
309 972 431 1027 veritate
450 989 563 1027 sumus:
590 978 619 1029 et
642 974 672 1028 in
691 978 847 1044 conspectu

100 1052 163 1105 eius
186 1051 372 1106 suadebimus
397 1052 485 1108 corda
509 1057 617 1108 nostra.
655 1054 797 1124 Quoniam
822 1055 847 1109 si
866 1055 902 1107 20

99 1131 314 1200 reprehenderit
327 1149 380 1187 nos
391 1149 440 1187 cor
449 1137 594 1188 nostrum:
608 1134 700 1188 maior
714 1138 759 1189 est
769 1134 847 1189 Deus

99 1211 185 1266 eorde
203 1216 310 1281 nostro,
330 1216 360 1267 et
377 1214 458 1268 novit
472 1213 578 1269 omnia.
625 1213 803 1282 Charissimi,
821 1215 847 1269 si
865 1216 898 1268 21
911 1235 1069 1277 asponon.

98 1309 150 1347 cor
168 1296 297 1347 nostrum
315 1310 372 1348 non
391 1293 607 1364 reprehenderit
624 1311 692 1362 nos,
712 1294 847 1350 fiduciam

98 1373 238 1427 habemus
263 1373 300 1428 ad
318 1373 424 1428 Deum:
451 1377 481 1428 et
506 1373 645 1444 quidquid
670 1375 846 1444 petierimus,
865 1379 941 1430 22⁵1«,
954 1397 1011 1438 nae.

99 1452 273 1523 accipiemus
306 1453 342 1508 ab
375 1471 426 1509 eo:
455 1455 593 1524 quoniam
620 1454 757 1510 mandata
784 1455 847 1510 eius

98 1533 292 1602 custodimus,
312 1537 341 1589 et
360 1550 410 1602 ea,
438 1539 599 1605 quaesunt
623 1535 733 1606 placita
751 1553 847 1590 coram

98 1631 142 1681 eo,
162 1615 292 1670 facimus.

169 1693 206 1749 Et
224 1693 279 1750 hoc
297 1698 342 1750 est
359 1695 528 1750 mandatum
542 1696 618 1751 eius:
638 1696 678 1752 Ut
696 1695 846 1752 credamus
865 1701 1057 1760 23ro,n;1s,1r.

98 1775 128 1829 in
146 1775 260 1829 nomine
275 1775 338 1828 Filii
353 1775 415 1830 eius
429 1775 494 1830 Iesu
509 1775 629 1831 Christi:
651 1781 680 1832 et
693 1776 847 1846 diligamus

99 1857 282 1923 alterutrum,
302 1854 377 1910 sicut
396 1854 475 1910 dedit
493 1856 662 1911 mandatum
680 1857 773 1912 nohis.
810 1858 847 1912 Et
865 1862 957 1919 tzion.
971 1877 988 1910 a
999 1880 1035 1920 sp.

99 1935 149 2006 qui
167 1939 264 1992 servat
282 1935 420 1991 mandata
445 1937 521 2004 eme,
547 1936 577 1990 in
601 1937 649 1992 illo
675 1941 789 2005 manet,
817 1941 847 1993 ei

98 2016 209 2086 ipsein
228 2033 276 2070 eo:
297 2019 326 2071 et
344 2017 373 2070 in
392 2016 446 2072 hoc
465 2018 574 2071 scimus
594 2017 730 2085 quoniam
748 2022 847 2073 manet

98 2098 128 2152 in
147 2096 231 2152 nobis
251 2095 285 2152 de
305 2095 423 2166 Spiritu,
443 2113 527 2166 quem
547 2096 627 2152 dedit
646 2097 738 2152 nobis.

62 2269 91 2313 13
172 2255 355 2325 Charissimi,
380 2257 467 2312 nolite
486 2258 563 2312 omni
582 2257 697 2327 spiritui
722 2257 846 2326 credere,
864 2251 888 2322 4
910 2279 959 2311 1n.
971 2280 1018 2317 sn.

99 2336 151 2392 sed
176 2339 298 2406 probate
324 2338 442 2408 spiritus
470 2338 495 2391 si
524 2354 560 2392 ex
586 2338 647 2392 Deo
675 2337 749 2392 sint:
778 2355 846 2407 quo·
910 2323 996 2365 ’Μ’

98 2419 177 2473 niam
219 2417 301 2472 multi
341 2417 612 2487 pseudoprophetae
651 2417 781 2472 exierunt
816 2418 847 2471 in

98 2499 245 2554 mundum.
299 2498 329 2552 in
354 2499 409 2553 hoc
434 2499 619 2567 cognoscitur
637 2498 758 2568 spiritus
776 2498 882 2554 Deua
911 2519 1007 2562 ruas.

99 2580 194 2635 omnis
212 2578 330 2649 spiritus
349 2580 398 2649 qui
418 2579 569 2634 confitetur
587 2580 681 2634 Iesum
701 2578 847 2634 Christum

99 2661 129 2715 in
161 2677 246 2715 carne
278 2659 408 2728 venisse,
437 2675 473 2714 ex
506 2660 567 2716 Deo
601 2664 660 2715 est:
693 2661 723 2714 et
754 2659 883 2715 omuis3
910 2679 1042 2723 arcaea.

153 2826 179 2863 16
194 2839 218 2852 -
233 2819 277 2863 Dei
292 2819 372 2874 [lel
390 2823 413 2870 >
428 2830 471 2874 pro
486 2820 543 2863 nob.
559 2831 601 2866 au.
615 2819 741 2875 suamlfr.
756 2819 848 2865 nostris

100 2885 140 2918 au.
156 2876 254 2916 nostras
268 2875 295 2914 F

153 2934 179 2970 17
194 2926 303 2970 -huius
321 2928 325 2976 1
346 2937 447 2971 necesse
462 2931 486 2970 A
541 2934 567 2970 18
583 2949 606 2960 -
621 2927 669 2972 mai
684 2927 750 2982 m
775 2929 779 2980 Ι
803 2938 849 2972 uec

153 2987 179 3024 19
193 2980 339 3024 suadeamus
354 2981 410 3034 W
425 2982 519 3025 -dsmus
534 2980 596 3022 w
842 2988 844 2992 ·

152 3041 179 3077 20
194 3055 218 3066 -
232 3035 342 3078 nostrum
357 3034 421 3088 [le
434 3040 466 3087 ‚a
479 3042 505 3078 21

152 3094 179 3131 22
193 3087 357 3140 quodcumque
404 3093 431 3131 23
444 3087 479 3131 fili
492 3090 519 3130 F
560 3094 588 3130 24
602 3091 625 3139 >
641 3089 712 3134 nohis
727 3088 794 3132 dedit
807 3088 852 3144 μ’

154 3141 337 3198 4,1muudoF
392 3142 584 3185 automnisF

463 3221 504 3268 60ss
