<?xml version="1.0" encoding="UTF-8"?>
<!DOCTYPE html PUBLIC "-//W3C//DTD XHTML 1.0 Transitional//EN"
    "http://www.w3.org/TR/xhtml1/DTD/xhtml1-transitional.dtd">
<html xmlns="http://www.w3.org/1999/xhtml" xml:lang="en" lang="en">
 <head>
  <title>
</title>
<meta http-equiv="Content-Type" content="text/html;charset=utf-8" />
  <meta name='ocr-system' content='tesseract 3.04.00' />
  <meta name='ocr-capabilities' content='ocr_page ocr_carea ocr_par ocr_line ocrx_word'/>
</head>
<body>
  <div class='ocr_page' id='page_1' title='image "./novumtestamentu01nestgoog_0406.png"; bbox 0 0 2275 3434; ppageno 0'>
   <div class='ocr_carea' id='block_1_1' title="bbox 223 152 854 223">
    <p class='ocr_par' dir='ltr' id='par_1_1' title="bbox 223 152 854 223">
     <span class='ocr_line' id='line_1_1' title="bbox 223 152 854 223; baseline -0.006 -9"><span class='ocrx_word' id='word_1_1' title='bbox 223 155 366 223; x_wconf 62' lang='lat' dir='ltr'>trs-15.</span> <span class='ocrx_word' id='word_1_2' title='bbox 430 155 550 211; x_wconf 83' lang='lat' dir='ltr'>ACTVS</span> <span class='ocrx_word' id='word_1_3' title='bbox 573 152 854 213; x_wconf 84' lang='lat' dir='ltr'>APOSTOLORVM.</span> 
     </span>
    </p>
   </div>
   <div class='ocr_carea' id='block_1_2' title="bbox 241 316 1027 386">
    <p class='ocr_par' dir='ltr' id='par_1_2' title="bbox 241 316 1027 386">
     <span class='ocr_line' id='line_1_2' title="bbox 241 316 1027 386; baseline -0.001 -16"><span class='ocrx_word' id='word_1_4' title='bbox 241 320 259 369; x_wconf 87' lang='grc'>4</span> <span class='ocrx_word' id='word_1_5' title='bbox 278 318 327 384; x_wconf 91' lang='lat' dir='ltr'>ire,</span> <span class='ocrx_word' id='word_1_6' title='bbox 347 320 376 372; x_wconf 92' lang='lat' dir='ltr'>et</span> <span class='ocrx_word' id='word_1_7' title='bbox 395 334 493 373; x_wconf 88' lang='lat' dir='ltr'>euram</span> <span class='ocrx_word' id='word_1_8' title='bbox 510 317 556 371; x_wconf 88' lang='lat' dir='ltr'>aui</span> <span class='ocrx_word' id='word_1_9' title='bbox 574 333 668 386; x_wconf 84' lang='lat' dir='ltr'>agere.</span> <span class='ocrx_word' id='word_1_10' title='bbox 705 316 742 371; x_wconf 87' lang='lat' dir='ltr'>Et</span> <span class='ocrx_word' id='word_1_11' title='bbox 760 316 827 371; x_wconf 93' lang='lat' dir='ltr'>inde</span> <span class='ocrx_word' id='word_1_12' title='bbox 845 333 912 370; x_wconf 90' lang='lat' dir='ltr'>eum</span> <span class='ocrx_word' id='word_1_13' title='bbox 930 319 1027 370; x_wconf 88' lang='lat' dir='ltr'>sustu·</span> 
     </span>
    </p>
   </div>
   <div class='ocr_carea' id='block_1_3' title="bbox 75 396 1030 2793">
    <p class='ocr_par' dir='ltr' id='par_1_3' title="bbox 276 396 1028 466">
     <span class='ocr_line' id='line_1_3' title="bbox 276 396 1028 466; baseline 0 -17"><span class='ocrx_word' id='word_1_14' title='bbox 276 397 419 464; x_wconf 70' lang='lat' dir='ltr'>lissemus</span> <span class='ocrx_word' id='word_1_15' title='bbox 438 397 693 465; x_wconf 80' lang='lat' dir='ltr'><strong>subnavigavimus</strong></span> <span class='ocrx_word' id='word_1_16' title='bbox 712 396 859 466; x_wconf 76' lang='lat' dir='ltr'>Cyprum,</span> <span class='ocrx_word' id='word_1_17' title='bbox 873 400 1028 465; x_wconf 89' lang='lat' dir='ltr'>propterea</span> 
     </span>
    </p>

    <p class='ocr_par' dir='ltr' id='par_1_4' title="bbox 242 475 1029 627">
     <span class='ocr_line' id='line_1_4' title="bbox 242 475 1029 546; baseline 0.001 -19"><span class='ocrx_word' id='word_1_18' title='bbox 242 478 258 527; x_wconf 72' lang='grc' dir='ltr'>ὅ</span> <span class='ocrx_word' id='word_1_19' title='bbox 278 476 354 545; x_wconf 81' lang='lat' dir='ltr'>quod</span> <span class='ocrx_word' id='word_1_20' title='bbox 373 482 470 532; x_wconf 81' lang='lat' dir='ltr'>essent</span> <span class='ocrx_word' id='word_1_21' title='bbox 489 477 568 531; x_wconf 91' lang='lat' dir='ltr'>venti</span> <span class='ocrx_word' id='word_1_22' title='bbox 587 477 730 531; x_wconf 85' lang='lat' dir='ltr'>contrarii.</span> <span class='ocrx_word' id='word_1_23' title='bbox 766 478 803 531; x_wconf 87' lang='lat' dir='ltr'>Et</span> <span class='ocrx_word' id='word_1_24' title='bbox 821 477 943 546; x_wconf 83' lang='lat' dir='ltr'>pelagus</span> <span class='ocrx_word' id='word_1_25' title='bbox 963 475 1029 529; x_wconf 89' lang='lat' dir='ltr'>Cili-</span> 
     </span>
     <span class='ocr_line' id='line_1_5' title="bbox 278 556 1029 627; baseline -0.004 -16"><span class='ocrx_word' id='word_1_26' title='bbox 278 558 348 624; x_wconf 82' lang='lat' dir='ltr'>ciae,</span> <span class='ocrx_word' id='word_1_27' title='bbox 367 561 396 611; x_wconf 91' lang='lat' dir='ltr'>et</span> <span class='ocrx_word' id='word_1_28' title='bbox 415 556 593 627; x_wconf 83' lang='lat' dir='ltr'>Pamphiliae</span> <span class='ocrx_word' id='word_1_29' title='bbox 612 557 792 627; x_wconf 86' lang='lat' dir='ltr'>navigantes,</span> <span class='ocrx_word' id='word_1_30' title='bbox 810 558 945 611; x_wconf 88' lang='lat' dir='ltr'>venimus</span> <span class='ocrx_word' id='word_1_31' title='bbox 958 556 1029 625; x_wconf 85' lang='lat' dir='ltr'>Lys-</span> 
     </span>
    </p>

    <p class='ocr_par' dir='ltr' id='par_1_5' title="bbox 75 636 1030 1993">
     <span class='ocr_line' id='line_1_6' title="bbox 242 636 1029 707; baseline -0.001 -17"><span class='ocrx_word' id='word_1_32' title='bbox 242 641 258 689; x_wconf 84' lang='grc'><strong>6</strong></span> <span class='ocrx_word' id='word_1_33' title='bbox 278 642 360 704; x_wconf 87' lang='lat' dir='ltr'>tram,</span> <span class='ocrx_word' id='word_1_34' title='bbox 379 654 453 707; x_wconf 87' lang='lat' dir='ltr'>quae</span> <span class='ocrx_word' id='word_1_35' title='bbox 472 642 517 693; x_wconf 89' lang='lat' dir='ltr'>est</span> <span class='ocrx_word' id='word_1_36' title='bbox 531 638 650 707; x_wconf 81' lang='lat' dir='ltr'>Lyciae:</span> <span class='ocrx_word' id='word_1_37' title='bbox 688 642 717 693; x_wconf 89' lang='lat' dir='ltr'>et</span> <span class='ocrx_word' id='word_1_38' title='bbox 736 638 775 691; x_wconf 91' lang='lat' dir='ltr'>ibi</span> <span class='ocrx_word' id='word_1_39' title='bbox 794 636 945 691; x_wconf 88' lang='lat' dir='ltr'>inveniens</span> <span class='ocrx_word' id='word_1_40' title='bbox 964 652 1029 690; x_wconf 89' lang='lat' dir='ltr'>een·</span> 
     </span>
     <span class='ocr_line' id='line_1_7' title="bbox 278 717 1029 787; baseline -0.003 -16"><span class='ocrx_word' id='word_1_41' title='bbox 278 719 352 772; x_wconf 88' lang='lat' dir='ltr'>turio</span> <span class='ocrx_word' id='word_1_42' title='bbox 388 734 491 772; x_wconf 90' lang='lat' dir='ltr'>navem</span> <span class='ocrx_word' id='word_1_43' title='bbox 523 718 744 773; x_wconf 80' lang='lat' dir='ltr'>Alexandrinam</span> <span class='ocrx_word' id='word_1_44' title='bbox 778 718 966 787; x_wconf 87' lang='lat' dir='ltr'>navigantem</span> <span class='ocrx_word' id='word_1_45' title='bbox 1001 717 1029 769; x_wconf 91' lang='lat' dir='ltr'>in</span> 
     </span>
     <span class='ocr_line' id='line_1_8' title="bbox 243 797 1029 867; baseline -0.003 -16"><span class='ocrx_word' id='word_1_46' title='bbox 243 798 404 865; x_wconf 76' lang='lat' dir='ltr'>iltaliam,</span> <span class='ocrx_word' id='word_1_47' title='bbox 432 798 612 867; x_wconf 83' lang='lat' dir='ltr'><strong>transposuit</strong></span> <span class='ocrx_word' id='word_1_48' title='bbox 638 816 692 853; x_wconf 92' lang='lat' dir='ltr'>nos</span> <span class='ocrx_word' id='word_1_49' title='bbox 720 799 749 853; x_wconf 90' lang='lat' dir='ltr'>in</span> <span class='ocrx_word' id='word_1_50' title='bbox 777 814 849 852; x_wconf 87' lang='lat' dir='ltr'>eam.</span> <span class='ocrx_word' id='word_1_51' title='bbox 895 797 934 851; x_wconf 86' lang='lat' dir='ltr'>Et</span> <span class='ocrx_word' id='word_1_52' title='bbox 964 813 1029 850; x_wconf 89' lang='lat' dir='ltr'>eum</span> 
     </span>
     <span class='ocr_line' id='line_1_9' title="bbox 277 876 1030 947; baseline -0.001 -16"><span class='ocrx_word' id='word_1_53' title='bbox 277 879 375 932; x_wconf 90' lang='lat' dir='ltr'>multis</span> <span class='ocrx_word' id='word_1_54' title='bbox 395 878 496 933; x_wconf 87' lang='lat' dir='ltr'>diebus</span> <span class='ocrx_word' id='word_1_55' title='bbox 521 879 603 933; x_wconf 92' lang='lat' dir='ltr'>tarde</span> <span class='ocrx_word' id='word_1_56' title='bbox 622 880 838 947; x_wconf 57' lang='lat' dir='ltr'>navigaremus</span> <span class='ocrx_word' id='word_1_57' title='bbox 864 881 893 931; x_wconf 91' lang='lat' dir='ltr'>et</span> <span class='ocrx_word' id='word_1_58' title='bbox 912 876 963 930; x_wconf 82' lang='lat' dir='ltr'>vix</span> <span class='ocrx_word' id='word_1_59' title='bbox 982 876 1030 930; x_wconf 78' lang='lat' dir='ltr'>de</span> 
     </span>
     <span class='ocr_line' id='line_1_10' title="bbox 278 958 1029 1027; baseline -0.003 -15"><span class='ocrx_word' id='word_1_60' title='bbox 278 959 457 1013; x_wconf 83' lang='lat' dir='ltr'>venissemus</span> <span class='ocrx_word' id='word_1_61' title='bbox 483 963 584 1013; x_wconf 84' lang='lat' dir='ltr'>eontra</span> <span class='ocrx_word' id='word_1_62' title='bbox 611 958 751 1025; x_wconf 87' lang='lat' dir='ltr'><strong>Gnidum,</strong></span> <span class='ocrx_word' id='word_1_63' title='bbox 775 958 947 1027; x_wconf 85' lang='lat' dir='ltr'>prohibente</span> <span class='ocrx_word' id='word_1_64' title='bbox 975 972 1029 1011; x_wconf 87' lang='lat' dir='ltr'>nos</span> 
     </span>
     <span class='ocr_line' id='line_1_11' title="bbox 278 1038 1028 1108; baseline -0.003 -15"><span class='ocrx_word' id='word_1_65' title='bbox 278 1043 374 1106; x_wconf 87' lang='lat' dir='ltr'>vento,</span> <span class='ocrx_word' id='word_1_66' title='bbox 388 1039 626 1108; x_wconf 76' lang='lat' dir='ltr'>adnavigavimus</span> <span class='ocrx_word' id='word_1_67' title='bbox 641 1039 745 1094; x_wconf 78' lang='lat' dir='ltr'>Cretae</span> <span class='ocrx_word' id='word_1_68' title='bbox 759 1039 840 1093; x_wconf 85' lang='lat' dir='ltr'>iuxta</span> <span class='ocrx_word' id='word_1_69' title='bbox 850 1038 1028 1093; x_wconf 81' lang='lat' dir='ltr'>Saimdnem:</span> 
     </span>
     <span class='ocr_line' id='line_1_12' title="bbox 243 1118 1028 1189; baseline -0.001 -17"><span class='ocrx_word' id='word_1_70' title='bbox 243 1122 308 1173; x_wconf 83' lang='lat' dir='ltr'>Set</span> <span class='ocrx_word' id='word_1_71' title='bbox 333 1119 382 1173; x_wconf 84' lang='lat' dir='ltr'>vix</span> <span class='ocrx_word' id='word_1_72' title='bbox 406 1121 485 1174; x_wconf 86' lang='lat' dir='ltr'>iuxta</span> <span class='ocrx_word' id='word_1_73' title='bbox 508 1120 695 1189; x_wconf 84' lang='lat' dir='ltr'>navigantes,</span> <span class='ocrx_word' id='word_1_74' title='bbox 721 1118 851 1173; x_wconf 88' lang='lat' dir='ltr'>venimus</span> <span class='ocrx_word' id='word_1_75' title='bbox 876 1119 906 1171; x_wconf 93' lang='lat' dir='ltr'>in</span> <span class='ocrx_word' id='word_1_76' title='bbox 934 1119 1028 1172; x_wconf 83' lang='lat' dir='ltr'>locum</span> 
     </span>
     <span class='ocr_line' id='line_1_13' title="bbox 279 1198 1029 1270; baseline -0.003 -17"><span class='ocrx_word' id='word_1_77' title='bbox 279 1200 436 1269; x_wconf 84' lang='lat' dir='ltr'>quendam,</span> <span class='ocrx_word' id='word_1_78' title='bbox 456 1201 503 1270; x_wconf 86' lang='lat' dir='ltr'>qui</span> <span class='ocrx_word' id='word_1_79' title='bbox 522 1203 644 1255; x_wconf 83' lang='lat' dir='ltr'>vocatur</span> <span class='ocrx_word' id='word_1_80' title='bbox 661 1199 850 1268; x_wconf 78' lang='lat' dir='ltr'>BoniportuS,</span> <span class='ocrx_word' id='word_1_81' title='bbox 875 1198 923 1252; x_wconf 87' lang='lat' dir='ltr'>oui</span> <span class='ocrx_word' id='word_1_82' title='bbox 947 1199 1029 1252; x_wconf 88' lang='lat' dir='ltr'>iuxta</span> 
     </span>
     <span class='ocr_line' id='line_1_14' title="bbox 75 1280 1030 1339; baseline 0.004 -10"><span class='ocrx_word' id='word_1_83' title='bbox 75 1298 114 1331; x_wconf 72' lang='lat' dir='ltr'>aa</span> <span class='ocrx_word' id='word_1_84' title='bbox 127 1297 214 1339; x_wconf 64' lang='lat' dir='ltr'>nasae.</span> <span class='ocrx_word' id='word_1_85' title='bbox 243 1283 341 1334; x_wconf 68' lang='lat' dir='ltr'>serat</span> <span class='ocrx_word' id='word_1_86' title='bbox 366 1280 468 1335; x_wconf 81' lang='lat' dir='ltr'>civitas</span> <span class='ocrx_word' id='word_1_87' title='bbox 494 1281 643 1335; x_wconf 85' lang='lat' dir='ltr'>Thalassa.</span> <span class='ocrx_word' id='word_1_88' title='bbox 717 1280 805 1335; x_wconf 87' lang='lat' dir='ltr'>Multo</span> <span class='ocrx_word' id='word_1_89' title='bbox 831 1283 929 1334; x_wconf 85' lang='lat' dir='ltr'>autem</span> <span class='ocrx_word' id='word_1_90' title='bbox 958 1282 1030 1333; x_wconf 88' lang='lat' dir='ltr'>tem·</span> 
     </span>
     <span class='ocr_line' id='line_1_15' title="bbox 116 1342 1027 1429; baseline -0.002 -15"><span class='ocrx_word' id='word_1_91' title='bbox 116 1342 144 1375; x_wconf 63' lang='lat'>¹¹*</span> <span class='ocrx_word' id='word_1_92' title='bbox 157 1344 214 1383; x_wconf 57' lang='lat'>&#39;⁰³⁹&#39;</span> <span class='ocrx_word' id='word_1_93' title='bbox 279 1376 347 1427; x_wconf 87' lang='lat' dir='ltr'>pore</span> <span class='ocrx_word' id='word_1_94' title='bbox 374 1365 507 1429; x_wconf 87' lang='lat' dir='ltr'>peracto,</span> <span class='ocrx_word' id='word_1_95' title='bbox 535 1365 565 1415; x_wconf 88' lang='lat' dir='ltr'>et</span> <span class='ocrx_word' id='word_1_96' title='bbox 593 1378 659 1415; x_wconf 89' lang='lat' dir='ltr'>eum</span> <span class='ocrx_word' id='word_1_97' title='bbox 685 1360 743 1414; x_wconf 89' lang='lat' dir='ltr'>iarn</span> <span class='ocrx_word' id='word_1_98' title='bbox 771 1376 829 1413; x_wconf 90' lang='lat' dir='ltr'>non</span> <span class='ocrx_word' id='word_1_99' title='bbox 856 1362 935 1413; x_wconf 89' lang='lat' dir='ltr'>esset</span> <span class='ocrx_word' id='word_1_100' title='bbox 965 1362 1027 1413; x_wconf 87' lang='lat' dir='ltr'>tuta</span> 
     </span>
     <span class='ocr_line' id='line_1_16' title="bbox 278 1439 1029 1511; baseline -0.001 -17"><span class='ocrx_word' id='word_1_101' title='bbox 278 1440 434 1509; x_wconf 82' lang='lat' dir='ltr'>navigatio,</span> <span class='ocrx_word' id='word_1_102' title='bbox 454 1458 487 1496; x_wconf 92' lang='lat' dir='ltr'>eo</span> <span class='ocrx_word' id='word_1_103' title='bbox 507 1441 584 1511; x_wconf 80' lang='lat' dir='ltr'>quod</span> <span class='ocrx_word' id='word_1_104' title='bbox 603 1446 632 1496; x_wconf 90' lang='lat' dir='ltr'>et</span> <span class='ocrx_word' id='word_1_105' title='bbox 657 1440 793 1495; x_wconf 89' lang='lat' dir='ltr'>ieiunium</span> <span class='ocrx_word' id='word_1_106' title='bbox 815 1440 872 1493; x_wconf 89' lang='lat' dir='ltr'>iam</span> <span class='ocrx_word' id='word_1_107' title='bbox 889 1439 1029 1507; x_wconf 83' lang='lat' dir='ltr'>praeteri·</span> 
     </span>
     <span class='ocr_line' id='line_1_17' title="bbox 226 1519 1028 1588; baseline -0.002 -13"><span class='ocrx_word' id='word_1_108' title='bbox 226 1523 260 1575; x_wconf 90' lang='lat'>10</span> <span class='ocrx_word' id='word_1_109' title='bbox 279 1521 365 1588; x_wconf 89' lang='lat' dir='ltr'>isset,</span> <span class='ocrx_word' id='word_1_110' title='bbox 391 1521 594 1576; x_wconf 88' lang='lat' dir='ltr'>consolabatur</span> <span class='ocrx_word' id='word_1_111' title='bbox 612 1537 663 1576; x_wconf 90' lang='lat' dir='ltr'>eos</span> <span class='ocrx_word' id='word_1_112' title='bbox 682 1521 804 1586; x_wconf 88' lang='lat' dir='ltr'>Paulus,</span> <span class='ocrx_word' id='word_1_113' title='bbox 824 1521 829 1558; x_wconf 86' lang='lat'><strong>¹</strong></span> <span class='ocrx_word' id='word_1_114' title='bbox 845 1519 944 1573; x_wconf 84' lang='lat' dir='ltr'>dicens</span> <span class='ocrx_word' id='word_1_115' title='bbox 971 1520 1028 1573; x_wconf 85' lang='lat' dir='ltr'>eis:</span> 
     </span>
     <span class='ocr_line' id='line_1_18' title="bbox 278 1599 1028 1670; baseline -0.001 -16"><span class='ocrx_word' id='word_1_116' title='bbox 278 1601 352 1668; x_wconf 89' lang='lat' dir='ltr'>Viri,</span> <span class='ocrx_word' id='word_1_117' title='bbox 375 1599 458 1656; x_wconf 90' lang='lat' dir='ltr'>video</span> <span class='ocrx_word' id='word_1_118' title='bbox 485 1602 620 1670; x_wconf 87' lang='lat' dir='ltr'>quoniam</span> <span class='ocrx_word' id='word_1_119' title='bbox 646 1618 710 1655; x_wconf 88' lang='lat' dir='ltr'>eum</span> <span class='ocrx_word' id='word_1_120' title='bbox 736 1600 853 1666; x_wconf 88' lang='lat' dir='ltr'>iniuria,</span> <span class='ocrx_word' id='word_1_121' title='bbox 880 1604 911 1653; x_wconf 88' lang='lat' dir='ltr'>et</span> <span class='ocrx_word' id='word_1_122' title='bbox 938 1601 1028 1654; x_wconf 86' lang='lat' dir='ltr'>multo</span> 
     </span>
     <span class='ocr_line' id='line_1_19' title="bbox 279 1679 1028 1749; baseline -0.004 -14"><span class='ocrx_word' id='word_1_123' title='bbox 279 1681 382 1736; x_wconf 91' lang='lat' dir='ltr'>damno</span> <span class='ocrx_word' id='word_1_124' title='bbox 399 1700 455 1736; x_wconf 92' lang='lat' dir='ltr'>non</span> <span class='ocrx_word' id='word_1_125' title='bbox 476 1684 567 1736; x_wconf 90' lang='lat' dir='ltr'>solum</span> <span class='ocrx_word' id='word_1_126' title='bbox 587 1682 690 1749; x_wconf 79' lang='lat' dir='ltr'>oneriS,</span> <span class='ocrx_word' id='word_1_127' title='bbox 710 1685 739 1735; x_wconf 90' lang='lat' dir='ltr'>et</span> <span class='ocrx_word' id='word_1_128' title='bbox 757 1681 849 1746; x_wconf 72' lang='lat' dir='ltr'>navis</span> <span class='ocrx_word' id='word_1_129' title='bbox 868 1679 921 1744; x_wconf 83' lang='lat' dir='ltr'>sed</span> <span class='ocrx_word' id='word_1_130' title='bbox 940 1680 1028 1733; x_wconf 87' lang='lat' dir='ltr'>etiam</span> 
     </span>
     <span class='ocr_line' id='line_1_20' title="bbox 279 1760 1025 1829; baseline -0.003 -14"><span class='ocrx_word' id='word_1_131' title='bbox 279 1762 436 1816; x_wconf 83' lang='lat' dir='ltr'>animarum</span> <span class='ocrx_word' id='word_1_132' title='bbox 462 1767 626 1817; x_wconf 84' lang='lat' dir='ltr'>nostrarum</span> <span class='ocrx_word' id='word_1_133' title='bbox 651 1762 752 1829; x_wconf 83' lang='lat' dir='ltr'>incipit</span> <span class='ocrx_word' id='word_1_134' title='bbox 777 1773 854 1814; x_wconf 58' lang='lat' dir='ltr'>esse*</span> <span class='ocrx_word' id='word_1_135' title='bbox 869 1760 1025 1829; x_wconf 84' lang='lat' dir='ltr'>navigatio.</span> 
     </span>
     <span class='ocr_line' id='line_1_21' title="bbox 226 1840 1022 1911; baseline -0.005 -16"><span class='ocrx_word' id='word_1_136' title='bbox 226 1845 256 1896; x_wconf 95' lang='grc'>11</span> <span class='ocrx_word' id='word_1_137' title='bbox 279 1842 415 1897; x_wconf 84' lang='lat' dir='ltr'>Centurio</span> <span class='ocrx_word' id='word_1_138' title='bbox 432 1847 528 1897; x_wconf 90' lang='lat' dir='ltr'>autem</span> <span class='ocrx_word' id='word_1_139' title='bbox 542 1842 727 1911; x_wconf 85' lang='lat' dir='ltr'>gubematon&#39;</span> <span class='ocrx_word' id='word_1_140' title='bbox 742 1845 772 1895; x_wconf 91' lang='lat' dir='ltr'>et</span> <span class='ocrx_word' id='word_1_141' title='bbox 785 1840 919 1895; x_wconf 85' lang='lat' dir='ltr'>nauclero</span> <span class='ocrx_word' id='word_1_142' title='bbox 934 1840 1022 1909; x_wconf 81' lang='lat' dir='ltr'>magis</span> 
     </span>
     <span class='ocr_line' id='line_1_22' title="bbox 278 1919 1024 1993; baseline -0.005 -17"><span class='ocrx_word' id='word_1_143' title='bbox 278 1922 422 1990; x_wconf 86' lang='lat' dir='ltr'>credebat,</span> <span class='ocrx_word' id='word_1_144' title='bbox 441 1925 527 1993; x_wconf 74' lang='lat' dir='ltr'>quam</span> <span class='ocrx_word' id='word_1_145' title='bbox 546 1923 600 1989; x_wconf 88' lang='lat' dir='ltr'>his,</span> <span class='ocrx_word' id='word_1_146' title='bbox 618 1938 693 1991; x_wconf 89' lang='lat' dir='ltr'>quae</span> <span class='ocrx_word' id='word_1_147' title='bbox 712 1938 730 1975; x_wconf 90' lang='lat' dir='ltr'>a</span> <span class='ocrx_word' id='word_1_148' title='bbox 742 1922 832 1975; x_wconf 91' lang='lat' dir='ltr'>Paulo</span> <span class='ocrx_word' id='word_1_149' title='bbox 849 1919 1024 1975; x_wconf 82' lang='lat' dir='ltr'>dicebantur.</span> 
     </span>
    </p>

    <p class='ocr_par' dir='ltr' id='par_1_6' title="bbox 225 2000 1029 2793">
     <span class='ocr_line' id='line_1_23' title="bbox 226 2000 1027 2073; baseline -0.001 -18"><span class='ocrx_word' id='word_1_150' title='bbox 226 2006 259 2056; x_wconf 74' lang='lat'>12</span> <span class='ocrx_word' id='word_1_151' title='bbox 278 2003 314 2057; x_wconf 86' lang='lat' dir='ltr'>Et</span> <span class='ocrx_word' id='word_1_152' title='bbox 333 2020 397 2057; x_wconf 87' lang='lat' dir='ltr'>eum</span> <span class='ocrx_word' id='word_1_153' title='bbox 421 2008 507 2073; x_wconf 90' lang='lat' dir='ltr'>aptus</span> <span class='ocrx_word' id='word_1_154' title='bbox 531 2007 632 2072; x_wconf 87' lang='lat' dir='ltr'>portus</span> <span class='ocrx_word' id='word_1_155' title='bbox 655 2018 712 2056; x_wconf 93' lang='lat' dir='ltr'>non</span> <span class='ocrx_word' id='word_1_156' title='bbox 736 2004 815 2055; x_wconf 88' lang='lat' dir='ltr'>esset</span> <span class='ocrx_word' id='word_1_157' title='bbox 837 2000 875 2054; x_wconf 90' lang='lat' dir='ltr'>ad</span> <span class='ocrx_word' id='word_1_158' title='bbox 900 2000 1027 2055; x_wconf 87' lang='lat' dir='ltr'>hieman-</span> 
     </span>
     <span class='ocr_line' id='line_1_24' title="bbox 278 2081 1029 2152; baseline -0.001 -16"><span class='ocrx_word' id='word_1_159' title='bbox 278 2083 360 2151; x_wconf 89' lang='lat' dir='ltr'>dum,</span> <span class='ocrx_word' id='word_1_160' title='bbox 386 2084 499 2152; x_wconf 90' lang='lat' dir='ltr'>plurimi</span> <span class='ocrx_word' id='word_1_161' title='bbox 526 2086 691 2138; x_wconf 89' lang='lat' dir='ltr'>statuerunt</span> <span class='ocrx_word' id='word_1_162' title='bbox 716 2081 865 2136; x_wconf 88' lang='lat' dir='ltr'>eonsilium</span> <span class='ocrx_word' id='word_1_163' title='bbox 890 2082 1029 2150; x_wconf 86' lang='lat' dir='ltr'>navigare</span> 
     </span>
     <span class='ocr_line' id='line_1_25' title="bbox 263 2162 1029 2233; baseline -0.001 -17"><span class='ocrx_word' id='word_1_164' title='bbox 263 2163 356 2231; x_wconf 86' lang='lat' dir='ltr'>inde,</span> <span class='ocrx_word' id='word_1_165' title='bbox 376 2165 402 2217; x_wconf 90' lang='lat' dir='ltr'>si</span> <span class='ocrx_word' id='word_1_166' title='bbox 420 2164 561 2233; x_wconf 90' lang='lat' dir='ltr'>quomodo</span> <span class='ocrx_word' id='word_1_167' title='bbox 581 2167 713 2233; x_wconf 84' lang='lat' dir='ltr'>possent,</span> <span class='ocrx_word' id='word_1_168' title='bbox 733 2162 918 2215; x_wconf 86' lang='lat' dir='ltr'>devenientes</span> <span class='ocrx_word' id='word_1_169' title='bbox 937 2162 1029 2216; x_wconf 92' lang='lat' dir='ltr'>Phoe-</span> 
     </span>
     <span class='ocr_line' id='line_1_26' title="bbox 278 2242 1028 2313; baseline -0.003 -16"><span class='ocrx_word' id='word_1_170' title='bbox 278 2244 375 2311; x_wconf 82' lang='lat' dir='ltr'>nicen,</span> <span class='ocrx_word' id='word_1_171' title='bbox 395 2245 536 2312; x_wconf 87' lang='lat' dir='ltr'>hiemare,</span> <span class='ocrx_word' id='word_1_172' title='bbox 562 2248 677 2313; x_wconf 89' lang='lat' dir='ltr'>portum</span> <span class='ocrx_word' id='word_1_173' title='bbox 697 2243 801 2297; x_wconf 86' lang='lat' dir='ltr'>Cretae</span> <span class='ocrx_word' id='word_1_174' title='bbox 825 2242 1028 2311; x_wconf 81' lang='lat' dir='ltr'>respicientem</span> 
     </span>
     <span class='ocr_line' id='line_1_27' title="bbox 225 2322 1028 2391; baseline -0.002 -14"><span class='ocrx_word' id='word_1_175' title='bbox 225 2328 258 2378; x_wconf 80' lang='lat'>13</span> <span class='ocrx_word' id='word_1_176' title='bbox 279 2324 315 2377; x_wconf 91' lang='lat' dir='ltr'>ad</span> <span class='ocrx_word' id='word_1_177' title='bbox 334 2324 474 2390; x_wconf 82' lang='lat' dir='ltr'>Africum,</span> <span class='ocrx_word' id='word_1_178' title='bbox 498 2328 527 2378; x_wconf 92' lang='lat' dir='ltr'>et</span> <span class='ocrx_word' id='word_1_179' title='bbox 551 2324 587 2377; x_wconf 91' lang='lat' dir='ltr'>ad</span> <span class='ocrx_word' id='word_1_180' title='bbox 607 2323 720 2377; x_wconf 88' lang='lat' dir='ltr'>Corum.</span> <span class='ocrx_word' id='word_1_181' title='bbox 756 2322 909 2391; x_wconf 86' lang='lat' dir='ltr'>Aspirante</span> <span class='ocrx_word' id='word_1_182' title='bbox 929 2326 1028 2376; x_wconf 86' lang='lat' dir='ltr'>autem</span> 
     </span>
     <span class='ocr_line' id='line_1_28' title="bbox 278 2403 1029 2472; baseline -0.003 -15"><span class='ocrx_word' id='word_1_183' title='bbox 278 2405 399 2471; x_wconf 85' lang='lat' dir='ltr'>Austro,</span> <span class='ocrx_word' id='word_1_184' title='bbox 425 2404 612 2459; x_wconf 88' lang='lat' dir='ltr'>aestimantes</span> <span class='ocrx_word' id='word_1_185' title='bbox 644 2403 823 2472; x_wconf 89' lang='lat' dir='ltr'>propositum</span> <span class='ocrx_word' id='word_1_186' title='bbox 855 2418 887 2455; x_wconf 90' lang='lat' dir='ltr'>se</span> <span class='ocrx_word' id='word_1_187' title='bbox 918 2405 1029 2467; x_wconf 86' lang='lat' dir='ltr'>tenere,</span> 
     </span>
     <span class='ocr_line' id='line_1_29' title="bbox 279 2480 1027 2551; baseline -0.004 -14"><span class='ocrx_word' id='word_1_188' title='bbox 279 2501 342 2537; x_wconf 87' lang='lat' dir='ltr'>oum</span> <span class='ocrx_word' id='word_1_189' title='bbox 362 2485 546 2539; x_wconf 87' lang='lat' dir='ltr'>sustulissent</span> <span class='ocrx_word' id='word_1_190' title='bbox 567 2484 602 2537; x_wconf 92' lang='lat' dir='ltr'>de</span> <span class='ocrx_word' id='word_1_191' title='bbox 620 2484 723 2550; x_wconf 84' lang='lat' dir='ltr'>Asson,</span> <span class='ocrx_word' id='word_1_192' title='bbox 747 2482 883 2551; x_wconf 87' lang='lat' dir='ltr'>legebant</span> <span class='ocrx_word' id='word_1_193' title='bbox 901 2480 1027 2535; x_wconf 86' lang='lat' dir='ltr'>Cretam.</span> 
     </span>
     <span class='ocr_line' id='line_1_30' title="bbox 225 2562 1029 2633; baseline -0.007 -13"><span class='ocrx_word' id='word_1_194' title='bbox 225 2569 259 2621; x_wconf 80' lang='lat'>14</span> <span class='ocrx_word' id='word_1_195' title='bbox 349 2565 411 2619; x_wconf 94' lang='lat' dir='ltr'>Non</span> <span class='ocrx_word' id='word_1_196' title='bbox 423 2566 621 2633; x_wconf 89' lang='lat' dir='ltr'>postmultum</span> <span class='ocrx_word' id='word_1_197' title='bbox 633 2568 730 2618; x_wconf 84' lang='lat' dir='ltr'>autem</span> <span class='ocrx_word' id='word_1_198' title='bbox 740 2562 819 2616; x_wconf 91' lang='lat' dir='ltr'>misit</span> <span class='ocrx_word' id='word_1_199' title='bbox 831 2578 863 2615; x_wconf 91' lang='lat' dir='ltr'>se</span> <span class='ocrx_word' id='word_1_200' title='bbox 873 2565 974 2615; x_wconf 82' lang='lat' dir='ltr'>eontra</span> <span class='ocrx_word' id='word_1_201' title='bbox 987 2562 1029 2630; x_wconf 92' lang='lat' dir='ltr'>ip·</span> 
     </span>
     <span class='ocr_line' id='line_1_31' title="bbox 279 2642 1027 2713; baseline -0.005 -15"><span class='ocrx_word' id='word_1_202' title='bbox 279 2661 339 2698; x_wconf 88' lang='lat' dir='ltr'>sam</span> <span class='ocrx_word' id='word_1_203' title='bbox 351 2648 453 2698; x_wconf 89' lang='lat' dir='ltr'>ventus</span> <span class='ocrx_word' id='word_1_204' title='bbox 460 2644 653 2713; x_wconf 84' lang='lat' dir='ltr'>Typhonieus,</span> <span class='ocrx_word' id='word_1_205' title='bbox 661 2644 710 2713; x_wconf 87' lang='lat' dir='ltr'>qui</span> <span class='ocrx_word' id='word_1_206' title='bbox 719 2646 839 2697; x_wconf 82' lang='lat' dir='ltr'>vocatur</span> <span class='ocrx_word' id='word_1_207' title='bbox 845 2642 1027 2710; x_wconf 85' lang='lat' dir='ltr'>Eurosquilo.</span> 
     </span>
     <span class='ocr_line' id='line_1_32' title="bbox 226 2723 1028 2793; baseline -0.009 -11"><span class='ocrx_word' id='word_1_208' title='bbox 226 2726 406 2793; x_wconf 75' lang='lat' dir='ltr'>meumque</span> <span class='ocrx_word' id='word_1_209' title='bbox 431 2728 546 2793; x_wconf 89' lang='lat' dir='ltr'>arrepta</span> <span class='ocrx_word' id='word_1_210' title='bbox 570 2729 648 2778; x_wconf 89' lang='lat' dir='ltr'>esset</span> <span class='ocrx_word' id='word_1_211' title='bbox 673 2723 770 2790; x_wconf 90' lang='lat' dir='ltr'>navis,</span> <span class='ocrx_word' id='word_1_212' title='bbox 796 2727 825 2777; x_wconf 90' lang='lat' dir='ltr'>et</span> <span class='ocrx_word' id='word_1_213' title='bbox 846 2739 903 2776; x_wconf 90' lang='lat' dir='ltr'>non</span> <span class='ocrx_word' id='word_1_214' title='bbox 926 2726 1028 2790; x_wconf 89' lang='lat' dir='ltr'>posset</span> 
     </span>
    </p>
   </div>
   <div class='ocr_carea' id='block_1_4' title="bbox 331 2938 917 3170">
    <p class='ocr_par' dir='ltr' id='par_1_7' title="bbox 331 2938 759 2994">
     <span class='ocr_line' id='line_1_33' title="bbox 331 2938 759 2994; baseline -0.005 -11"><span class='ocrx_word' id='word_1_215' title='bbox 331 2946 431 2993; x_wconf 69' lang='lat' dir='ltr'>toypro</span> <span class='ocrx_word' id='word_1_216' title='bbox 539 2938 759 2994; x_wconf 44' lang='lat' dir='ltr'>&amp;Pamphyliae</span> 
     </span>
    </p>

    <p class='ocr_par' dir='ltr' id='par_1_8' title="bbox 331 3002 747 3052">
     <span class='ocr_line' id='line_1_34' title="bbox 331 3002 747 3052; baseline -0.005 -7"><span class='ocrx_word' id='word_1_217' title='bbox 331 3003 453 3045; x_wconf 87' lang='lat' dir='ltr'>7onidum</span> <span class='ocrx_word' id='word_1_218' title='bbox 479 3003 482 3052; x_wconf 95' lang='grc' dir='ltr'>Ι</span> <span class='ocrx_word' id='word_1_219' title='bbox 508 3002 598 3051; x_wconf 85' lang='lat' dir='ltr'>iuxta]</span> <span class='ocrx_word' id='word_1_220' title='bbox 614 3003 747 3046; x_wconf 85' lang='lat' dir='ltr'>seeundum</span> 
     </span>
    </p>

    <p class='ocr_par' dir='ltr' id='par_1_9' title="bbox 331 3064 917 3170">
     <span class='ocr_line' id='line_1_35' title="bbox 331 3064 917 3119; baseline -0.003 -13"><span class='ocrx_word' id='word_1_221' title='bbox 331 3064 418 3119; x_wconf 65' lang='lat' dir='ltr'>eg·-</span> <span class='ocrx_word' id='word_1_222' title='bbox 434 3066 458 3107; x_wconf 87' lang='lat' dir='ltr'>et</span> <span class='ocrx_word' id='word_1_223' title='bbox 472 3065 498 3105; x_wconf 77' lang='lat'>‘2⁰</span> <span class='ocrx_word' id='word_1_224' title='bbox 523 3068 526 3116; x_wconf 86' lang='grc' dir='ltr'>Ι</span> <span class='ocrx_word' id='word_1_225' title='bbox 553 3064 610 3118; x_wconf 56' lang='lat' dir='ltr'>&amp;w</span> <span class='ocrx_word' id='word_1_226' title='bbox 624 3065 782 3117; x_wconf 84' lang='lat' dir='ltr'>praeterisset</span> <span class='ocrx_word' id='word_1_227' title='bbox 807 3064 810 3115; x_wconf 78' lang='lat' dir='ltr'>t</span> <span class='ocrx_word' id='word_1_228' title='bbox 837 3073 917 3104; x_wconf 88' lang='lat' dir='ltr'>-eos</span> 
     </span>
     <span class='ocr_line' id='line_1_36' title="bbox 331 3126 737 3170; baseline 0 -1"><span class='ocrx_word' id='word_1_229' title='bbox 331 3133 355 3169; x_wconf 83' lang='lat'>11</span> <span class='ocrx_word' id='word_1_230' title='bbox 371 3126 493 3170; x_wconf 78' lang='lat' dir='ltr'>panetario</span> <span class='ocrx_word' id='word_1_231' title='bbox 601 3133 627 3169; x_wconf 82' lang='lat'>12</span> <span class='ocrx_word' id='word_1_232' title='bbox 640 3127 737 3169; x_wconf 81' lang='lat' dir='ltr'>chorum</span> 
     </span>
    </p>
   </div>
   <div class='ocr_carea' id='block_1_5' title="bbox 623 3205 664 3249">
    <p class='ocr_par' dir='ltr' id='par_1_10' title="bbox 623 3205 664 3249">
     <span class='ocr_line' id='line_1_37' title="bbox 623 3205 664 3249; baseline -0.024 0"><span class='ocrx_word' id='word_1_233' title='bbox 623 3205 664 3249; x_wconf 78' lang='lat'>384</span> 
     </span>
    </p>
   </div>
   <div class='ocr_carea' id='block_1_6' title="bbox 0 0 1142 3434">
    <p class='ocr_par' dir='ltr' id='par_1_11' title="bbox 0 0 1142 3434">
     <span class='ocr_line' id='line_1_38' title="bbox 0 0 1142 3434; baseline 0 0"><span class='ocrx_word' id='word_1_234' title='bbox 0 0 1142 3434; x_wconf 95' lang='lat' dir='ltr'> </span> 
     </span>
    </p>
   </div>
  </div>
 </body>
</html>
