2275 3434
281 175 399 231 AGTVS
423 176 706 231 APOSTOLORVM.
753 178 911 245 loco-ao.
986 259 988 264 Ι

111 335 234 404 Spiritus
252 336 292 390 ei:
312 336 385 391 Ecce
400 337 453 391 viri
469 340 528 392 tres
543 341 686 407 quaerunt
700 341 737 392 te.
766 337 857 407 Surge
876 344 912 394 20

41 458 42 461 ¹
109 416 214 485 itaque,
235 416 386 484 descende,
406 421 435 472 et
453 416 526 472 vade
545 435 610 472 cum
630 418 672 472 eis
690 418 760 472 nihil
777 418 858 472 dubi·

109 500 187 550 tans:
208 497 277 566 quia
296 514 349 567 ego
367 498 432 551 misi
451 497 522 552 illos.
556 498 741 553 Descendens
760 502 858 553 autern
876 504 910 557 21
921 518 934 551 J
946 522 992 562 ras.

107 576 210 631 Petrus
231 576 268 631 ad
287 578 378 645 viroS,
398 577 484 631 dixit:
510 578 585 633 Ecce
602 595 656 648 ego
675 596 754 646 sum,
773 596 857 648 quem
1045 582 1048 592 '

11 662 12 729 J
107 657 262 725 quaeritis:
301 674 374 727 quae
407 674 496 713 causa
528 662 589 726 est,
621 663 739 728 propter
771 676 857 728 quam

107 738 248 791 venistis?
287 738 341 807 Qui
365 738 511 793 dixerunt:
539 738 687 793 Cornelius
712 739 857 807 Centurio,
875 749 911 799 22

44 861 45 865 ,
107 816 148 871 vir
171 818 282 885 iustuS,
309 821 337 873 et
355 818 460 873 timens
479 819 588 886 Deum,
613 823 643 874 et
661 819 857 875 testimonium

11 944 13 967 ,
106 899 217 955 habens
237 899 274 953 ab
293 898 429 953 universa
442 903 528 969 gente
542 898 721 967 Iudaeorum,
739 917 857 969 respon·

11 968 13 987 ’
108 998 168 1035 sum
189 979 303 1048 accepit
322 979 358 1033 ab
373 980 481 1049 Angelo
501 984 603 1034 sancto
623 982 762 1035 accersire
781 985 810 1035 te
827 980 856 1034 in

11 1110 12 1129 ,
109 1060 222 1115 domurn
242 1076 334 1126 suam,
354 1065 383 1114 et
402 1060 500 1114 audire
518 1061 608 1115 verba
628 1062 681 1115 abs
699 1064 737 1115 te.
767 1062 856 1116 Intro·
875 1070 909 1120 23
921 1083 978 1124 ua.

108 1141 212 1195 ducens
229 1156 297 1208 ergo
312 1156 371 1208 eos,
389 1141 499 1210 recepit
513 1140 646 1209 hospitio.
717 1141 855 1210 Sequenti

11 1220 13 1277 ἒ
107 1225 201 1276 autern
222 1219 269 1275 die
288 1237 409 1289 surgens
427 1221 577 1290 profectus
597 1227 641 1276 est
657 1222 806 1276 cumillis:
827 1226 856 1277 et

106 1300 222 1371 quidam
249 1317 285 1354 ex
311 1300 449 1355 fratribus
473 1302 509 1355 ab
529 1302 616 1371 Ioppe
639 1302 768 1357 comitati
788 1307 856 1357 sunt

107 1399 177 1436 eum.
215 1381 315 1435 Altera
340 1385 437 1436 autern
461 1381 506 1436 die
526 1382 655 1438 introivit
674 1382 854 1438 Caesaream.
873 1392 909 1442 24

11 1484 12 1489 1
75 1461 277 1517 29*Gornelius
300 1478 368 1516 vero
391 1463 565 1530 expectabat
588 1463 664 1530 illua,
689 1464 854 1518 convocatis

107 1542 236 1611 cognatis
252 1541 321 1608 suiS,
337 1545 366 1596 et
379 1542 550 1597 necessariis
566 1543 674 1597 amicis.
695 1544 731 1598 Et
746 1544 854 1598 facturn
873 1552 907 1602 25

107 1627 147 1677 est
163 1640 230 1676 curn
246 1621 394 1676 introisset
408 1622 518 1690 Petrus,
536 1623 638 1678 obvius
652 1624 732 1678 venit
746 1624 772 1678 ei
787 1623 854 1679 Cor·

106 1704 210 1771 nelina,
238 1705 268 1757 et
292 1701 443 1771 procidens
469 1703 505 1757 ad
524 1704 613 1773 pedes
633 1704 695 1759 eius
714 1704 853 1758 adoravit.
1126 1769 1128 1784 Ι

11 1808 12 1811 “
108 1783 204 1838 Petrus
224 1799 294 1837 vero
314 1783 437 1837 elevavit
456 1800 536 1851 eurn,
561 1784 673 1839 dicens:
701 1784 805 1853 Surge,
825 1788 854 1839 et
872 1797 974 1847 aaran.
992 1806 1053 1846 aaa.
1126 1807 1128 1818 ·

109 1879 154 1932 ego
173 1863 238 1932 ipse
258 1862 342 1917 horno
362 1880 434 1919 sum.
468 1864 506 1919 Et
523 1865 644 1934 loquens
663 1882 727 1918 oum
746 1864 793 1918 illo
812 1864 853 1918 in·
871 1879 905 1928 27
918 1847 946 1891 ΛΡ
960 1852 1017 1890 “”“”

110 1944 205 2010 travit,
233 1946 263 1998 et
288 1942 398 1999 invenit
423 1945 543 2011 rnultoS,
571 1944 619 2013 qui
645 1948 852 1999 convenerant:

115 2020 250 2093 'dixitque
267 2022 303 2077 ad
322 2023 400 2078 illos:
420 2024 477 2077 Vos
493 2024 574 2078 scitis
589 2024 731 2093 quomodo
746 2024 853 2079 aberni·
871 2038 906 2088 28

110 2107 201 2158 natum
214 2104 255 2159 sit
264 2103 325 2158 viro
335 2103 439 2158 Iudaeo
451 2104 594 2173 coniungi,
608 2107 660 2158 aut
669 2104 805 2161 accedere
816 2104 853 2159 ad

108 2183 305 2253 alienigenam:
321 2184 372 2238 sed
387 2184 455 2237 mihi
470 2183 599 2239 ostendit
607 2184 695 2252 Deua,
709 2185 851 2239 nerninem

106 2279 282 2319 communem
309 2269 359 2319 aut
382 2263 558 2319 immundum
583 2264 677 2319 dicere
700 2265 851 2321 hominem.

105 2342 223 2413 Propter
240 2343 317 2413 quod
333 2344 395 2399 sine
410 2345 589 2400 dubitatione
604 2345 670 2399 veni
685 2346 850 2400 accersitus
870 2360 904 2411 29

104 2422 248 2494 Interrogo
273 2441 355 2493 ergo,
380 2443 465 2494 quarn
489 2426 525 2481 ob
550 2442 667 2480 causam
687 2426 849 2481 accersistis

105 2626 315 2635 ——-—--.-.

154 2755 277 2809 coituque
292 2758 318 2800 et
332 2757 354 2800 d.

154 2833 182 2870 23
195 2838 254 2882 ergo
268 2832 277 2879 ]
292 2828 368 2883 igitur
383 2835 416 2883 ,tt
429 2834 456 2873 33
481 2830 485 2882 Ι
511 2831 545 2875 eis

154 2905 181 2943 25
197 2921 220 2932 -
235 2900 304 2945 venit

155 2978 183 3015 26
196 2971 290 3017 levavit

155 3049 183 3087 28
195 3043 238 3088 aad
252 3048 261 3095 ]
276 3047 301 3089 ot
