2275 3434
255 168 454 226 smmum
480 144 717 241 nnrrnnnvn.
762 168 904 236 sni-32.

102 333 195 387 iesus:
215 332 321 402 Vulpes
341 332 440 386 foveas
457 331 573 398 hubent,
592 333 621 385 et
636 332 765 385 volucres
780 330 851 385 caeli

103 413 199 468 nidos:
228 413 303 467 filius
331 415 428 467 autem
455 411 577 467 hominis
604 428 662 465 non
689 411 777 466 habet
802 411 851 464 ubi

104 497 191 563 eaput
208 494 334 555 reclinet.
366 493 445 556 Alius
465 496 561 547 autern
579 491 615 546 de
630 492 777 560 discipulis
790 492 851 545 eius
869 490 903 543 21
914 511 923 540 ι
933 509 963 550 ης
974 510 1033 550 nm.

104 575 144 628 ait
162 575 215 628 illi:
239 574 374 640 Domine,
392 573 526 642 permitte
543 589 590 627 me
609 573 731 642 primum
748 573 803 638 ire,
822 574 852 626 et
905 577 908 613 ἰ

104 655 223 724 sepelire
248 657 360 723 patrem
384 669 486 708 meum.
524 653 604 707 Iesus
624 656 721 708 autem
740 652 781 707 ait
798 651 851 706 illi:
869 650 991 711 istorum
1004 671 1052 712 nu.

104 736 230 804 Sequere
248 751 302 802 me,
322 738 351 788 et
370 733 482 788 dimitte
501 723 630 788 mortuos
644 733 764 802 sepelire
778 749 852 787 mor·
914 714 989 755 Μ’

103 815 169 870 tues
188 832 264 870 suos
936 837 1019 872 ra-nn

75 891 94 973 ζ’
174 896 211 951 Et
239 893 413 948 aseendente
441 910 475 947 eo
501 893 530 947 in
556 893 732 960 naviculam,
760 893 852 948 secuti
870 883 1045 969 23300353531·

104 979 172 1030 sunt
208 992 273 1029 eum
310 974 440 1042 discipuli
478 973 552 1027 eius:
591 977 620 1028 et
656 990 723 1028 ecoe
757 976 853 1028 motus
870 971 940 1023 241’·
950 975 987 1014 42⁹·

103 1071 225 1124 magnus
253 1055 349 1109 faetus
378 1056 423 1108 est
447 1054 475 1107 in
501 1053 572 1108 mari
597 1055 639 1108 ita
664 1057 696 1108 ut
721 1053 852 1108 navicula

104 1136 263 1205 operiretur
280 1135 423 1201 fluetibus
443 1135 505 1204 ipse
524 1150 592 1189 vero
611 1134 779 1189 dormiebat.
815 1135 851 1189 Et
870 1129 905 1182 25

104 1220 288 1271 accesserunt
307 1215 343 1270 ud
363 1231 427 1270 eum
441 1215 580 1284 Discipuli
597 1215 668 1281 eius
687 1219 716 1269 et
730 1216 851 1270 suseita-

103 1300 206 1352 verunt
234 1313 313 1362 eum,
342 1295 484 1350 dieentes:
518 1294 653 1362 Domine,
681 1296 763 1349 selva
788 1312 850 1362 n0S,

103 1377 237 1446 perimus.
269 1376 307 1430 Et
325 1375 393 1431 dicit
409 1376 450 1430 eis
464 1375 556 1429 lesus:
578 1375 652 1444 Quid
665 1374 757 1430 timidi
771 1376 850 1442 estis
869 1373 904 1424 26
915 1391 976 1433 14,n;
989 1392 1035 1432 ιω.

104 1456 232 1512 modicae
246 1455 330 1509 fidei?
349 1455 429 1510 Tune
441 1472 571 1524 surgens²
585 1455 737 1524 imperavit
747 1455 850 1522 ventis,
913 1435 939 1468 ⁹⁸
950 1437 1012 1478 “³⁷³⁶
1021 1444 1046 1468 ⁸⁸¹

104 1541 134 1592 et
147 1536 227 1603 mari,
242 1540 271 1590 et
286 1535 365 1590 faeta
374 1539 419 1591 est
428 1535 620 1604 tranquillitas
629 1553 742 1604 magna.
763 1535 850 1590 Porro
869 1534 904 1584 27

103 1617 232 1672 homines
251 1616 346 1670 mirati
364 1619 440 1683 sunt,
460 1615 602 1670 dicentes:
622 1615 720 1684 Qualis
737 1618 783 1670 est
796 1615 851 1682 hio,

104 1697 171 1767 quia
193 1697 286 1763 venti,
312 1700 341 1751 et
360 1713 437 1750 mare
457 1695 595 1751 obediunt
613 1697 658 1750 ei?
731 1696 767 1750 Et
787 1713 850 1769 eum
870 1693 1033 1772 28113322·

104 1777 231 1832 venisset
253 1780 334 1831 trans
358 1777 463 1832 fretum
481 1777 510 1830 in
529 1777 674 1846 regionem
694 1777 852 1831 Geraseno·
914 1761 1030 1825 wei-⁸⁷·

93 1867 179 1925 rum,
205 1860 388 1912 occurrerunt
414 1857 440 1910 ei
459 1856 515 1912 duo
534 1857 675 1912 habentes
694 1856 852 1922 daemonia,
889 1859 891 1862 ’

105 1938 140 1992 de
159 1938 350 1992 monumentis
370 1941 521 2003 exeunteS,
546 1937 625 1990 saevi
643 1937 741 2003 nimie,
760 1937 802 1991 ita
820 1941 852 1989 ut

105 2035 187 2072 nemo
206 2021 305 2086 posset
323 2018 445 2072 transire
464 2017 605 2086 perviam
619 2017 703 2071 illam.
735 2015 772 2071 Et
786 2031 852 2069 eece
871 2013 990 2076 Quin.

106 2099 314 2163 clamaverunt,
341 2097 484 2152 dicentes:
513 2097 588 2166 Quid
612 2097 711 2162 nobis,
737 2099 766 2150 et
791 2096 852 2161 tibi,
916 2077 998 2121 Μ’

104 2179 169 2233 iesu
194 2177 233 2232 fili
251 2177 324 2230 Dei?
361 2177 471 2250 Venisti
496 2177 552 2230 huo
578 2179 644 2231 ante
663 2181 777 2245 tempus
796 2178 853 2230 tor·

106 2275 193 2327 (prere
220 2259 293 2312 nos?
330 2258 399 2312 Erat
425 2260 521 2311 autem
547 2274 611 2313 non,
628 2259 711 2326 longe
737 2257 773 2309 ab
800 2254 908 2309 1111330

92 2356 176 2410 'grex
194 2338 347 2393 multorum
366 2353 516 2406 porcorum
532 2353 664 2406 pascens,
692 2337 854 2391 Daemones
873 2334 909 2387 31

107 2422 203 2474 autem
239 2419 382 2487 rogabant
415 2428 493 2485 eum,
531 2417 674 2472 dieentes:
712 2417 743 2472 Si
775 2417 854 2471 eiiois

106 2516 158 2552 nos
191 2498 271 2565 hino,
303 2499 385 2552 mitte
414 2515 467 2553 uos
494 2498 523 2552 in
551 2514 667 2568 gregem
695 2515 854 2567 porcorum.

109 2579 159 2632 ¹Et
178 2579 219 2633 ait
236 2579 306 2632 illis:
325 2577 376 2632 Ite.
403 2578 498 2633 Atilii
518 2582 656 2632 exeuntes
675 2578 807 2632 abierunt
825 2578 854 2632 in
873 2578 908 2629 32

107 2675 222 2728 porooS,
248 2662 277 2712 et
303 2675 369 2712 ecoe
394 2659 503 2727 impetu
529 2658 600 2713 abiit
617 2661 697 2713 totus
715 2675 786 2728 grex
803 2674 855 2728 per

161 2897 188 2933 20
201 2890 272 2934 nidos
286 2895 295 2941 ]
310 2891 470 2934 tabernaculo
490 2891 493 2941 1
515 2889 604 2945 gosp.
620 2901 689 2934 snum
743 2896 769 2933 25
784 2911 807 2922 -
823 2890 854 2932 ad

109 2963 162 2996 eum
176 2953 236 2998 diso.
252 2952 303 2997 eius
384 2959 411 2996 26
425 2974 449 2985 -
463 2953 532 2996 lesus
557 2953 561 3007 1
590 2953 728 3007 increpavit
751 2952 756 3004 Ι
780 2954 854 2997 vento

109 3021 134 3058 27
148 3016 256 3060 otventi
280 3016 283 3067 Ι
310 3016 397 3059 oboed·
411 3025 441 3058 eto
490 3022 516 3058 28
530 3015 641 3060 venisset
655 3019 728 3065 (sicet
741 3013 854 3063 ww]

109 3078 259 3132 §venisset
278 3079 347 3122 Iesus
370 3077 444 3124 Dm
464 3077 592 3121 venissent
706 3083 733 3119 29
755 3095 778 3108 -
800 3075 856 3117 Iesu

109 3146 135 3182 30
151 3144 172 3190 >
188 3151 254 3194 pom.
269 3141 337 3185 mult.
407 3147 432 3184 31
449 3139 544 3183 -hino
618 3146 644 3185 32
659 3138 679 3193 ξ
693 3137 750 3190 imp.
765 3145 854 3187 magno

480 3219 506 3262 19
