2275 3434
237 121 441 200 nna-nno.
483 135 535 190 Au
560 137 784 199 commanos
804 147 825 200 1.

289 289 318 344 in
336 289 466 348 Ecclesia
489 295 614 366 primum
631 301 799 374 Apostolos,
826 309 954 365 secundo
974 311 1045 366 Pro·

288 361 401 431 phetas,
416 366 502 420 tertib
513 367 662 440 Doctores,
672 373 775 432 deinde
789 379 922 449 virtutes,
937 382 1045 438 exinde

288 434 398 502 gratias
417 439 605 512 curationum,
625 445 837 518 opitulationes
855 453 1045 521 gubernatio-

288 521 356 573 nes,
374 523 480 576 genera
498 511 676 585 linguarum,
701 519 956 589 interpretationes
983 543 1045 581 ser-

232 571 268 623 29
287 590 411 633 monum.
449 579 594 654 Numquid
613 604 712 644 omnes
730 591 881 660 Apostoli?
900 599 1044 668 numquid

287 664 386 704 omnes
401 650 584 722 Prophetae?
602 661 741 730 numquid
760 680 859 720 ornnes
879 667 1044 725 Doctores?

233 715 268 766 30
286 720 426 790 numquid
457 741 556 782 omnes
584 731 726 788 virtutes?
746 735 752 773 ¹
771 738 911 807 numquid
940 758 1043 796 omnes

286 793 410 860 gratiam
429 794 537 852 hahent
556 803 755 860 curationum?
779 810 921 879 numquid
939 830 1043 868 omnes

287 863 391 932 linguis
416 865 593 936 loquuntur?
617 876 756 946 numquid
780 896 880 936 omnes
899 883 1042 954 interpre-

173 946 220 986 1421.
232 929 265 981 31
286 938 403 990 tantur?
417 938 606 998 Aemulamini
617 952 714 1003 autem
724 951 901 1009 charismata
910 958 1039 1012 meliora.

357 1007 394 1067 Et
413 1008 506 1067 adhuc
525 1018 756 1077 excellentiorem
780 1024 857 1081 viam
880 1029 966 1084 vobis
991 1031 1037 1085 de
1046 1041 1074 1084 61

72 1093 97 1128 ra
109 1097 159 1138 ms
171 1097 219 1132 ω.
230 1059 268 1133 13
286 1083 422 1136 monstro.
453 1082 485 1138 Si
498 1085 604 1156 linguis
618 1090 764 1149 hominum
777 1095 886 1166 loquar,
906 1104 938 1155 et
952 1119 1039 1172 ange-

286 1150 385 1219 lorum,
405 1153 576 1212 charitatem
596 1165 693 1218 autem
712 1181 768 1221 non
787 1169 920 1238 habeam,
940 1173 1037 1230 factus

286 1237 349 1276 sum
364 1226 443 1280 velut
459 1243 509 1282 aes
524 1246 639 1301 sorana,
659 1239 710 1290 aut
723 1240 885 1307 cymbalum
899 1243 1035 1301 tinniens

61 1299 89 1332 m
99 1303 149 1344 aar
162 1305 220 1346 aaa
248 1287 266 1338 2
285 1290 321 1348 Et
331 1295 356 1348 si
368 1295 495 1353 habuero
504 1304 694 1373 prophetiam,
709 1312 738 1363 et
751 1313 880 1366 noverim
894 1319 1035 1384 mysteria

285 1367 394 1434 omnia,
422 1372 452 1424 et
477 1388 590 1428 omnem
615 1377 781 1436 scientiam:
808 1385 881 1438 etsi
905 1386 1034 1445 habuero

284 1453 396 1492 omnem
415 1439 500 1496 fidem
519 1444 561 1499 ita
579 1450 612 1502 ut
630 1454 743 1506 montes
762 1455 947 1527 trarrsferam
970 1462 1034 1516 cha-

145 1517 172 1551 m
182 1519 219 1560 aa·
247 1500 399 1564 3ritatem
425 1515 521 1569 autem
546 1533 603 1572 non
622 1520 765 1591 habuero,
790 1526 858 1581 nihil
885 1545 961 1586 sum.
997 1533 1033 1588 Et

283 1580 308 1634 si
328 1579 499 1639 distribuero
519 1587 548 1641 in
572 1589 652 1646 cibos
677 1611 837 1665 pauperum
862 1617 967 1658 omnes
992 1606 1032 1659 fa·
1090 1625 1094 1636 ·

283 1653 406 1708 cultates
425 1672 521 1725 meas,
547 1663 619 1715 etsi
638 1664 783 1722 tradidero
807 1686 912 1740 corpus
937 1693 1030 1730 meum

282 1723 324 1778 ita
337 1728 370 1779 ut
384 1725 509 1796 ardeam,
524 1731 695 1795 charitatem
710 1743 806 1794 autem
822 1759 880 1797 non
894 1745 1027 1814 habuero,

245 1786 351 1849 4nihil
376 1797 445 1851 mihi
472 1800 598 1870 prodest.
677 1807 810 1866 Charitas
834 1816 954 1883 patiens
978 1824 1027 1887 est,

281 1866 406 1936 benigna
433 1873 493 1926 est:
526 1873 661 1932 Charitas
688 1897 745 1936 non
770 1887 950 1958 aemulatur,
975 1909 1029 1947 non

66 1943 104 1976 zeh
117 1946 156 1986 au
168 1947 217 1981 Lxx·
245 1929 262 1978 ὅ
282 1939 342 2006 agit
360 1956 519 2011 perperam,
537 1961 595 2000 non
614 1949 738 2020 inflatur,
754 1955 760 1992 ¹
774 1972 832 2010 non
851 1963 897 2015 est
916 1964 1031 2018 ambiti-

110 1990 138 2023 Η
149 1993 217 2032 '’⁴¹²’‘
281 2026 341 2077 osa,
360 2028 416 2066 non
436 2016 548 2082 quaerit
566 2035 640 2087 quae
657 2038 711 2077 sua
725 2029 801 2093 sunt,
819 2045 876 2084 non
890 2031 1032 2103 irritatur,

141 2089 157 2122 1³
170 2091 216 2132 aa·
245 2073 261 2122 6
280 2097 337 2135 non
356 2083 465 2152 cogitat
484 2088 598 2157 malum,
615 2093 685 2147 ¹non
703 2096 811 2164 gaudet
825 2117 913 2170 super
927 2105 1032 2176 iniqui·

107 2161 215 2203 avora·
245 2145 357 2221 7tate‚
381 2157 543 2224 congaudet
566 2166 663 2218 autem
689 2168 819 2224 veritati:
847 2175 945 2230 omnia
970 2178 1033 2233 suf·

80 2207 127 2247 ⁹¹¹²·
139 2207 156 2238 Β
169 2209 215 2248 ¹⁵‘¹'
280 2223 351 2292 sert,
370 2227 466 2281 omnia
486 2231 590 2299 credit,
614 2238 710 2292 omnia
728 2246 841 2311 sperat,
866 2249 964 2303 omnia
984 2267 1032 2305 su-

131 2306 214 2348 rraa
243 2285 375 2350 Sstinet.
466 2298 600 2359 Charitas
627 2323 783 2380 numquam
811 2316 932 2373 excidit:
967 2322 1032 2377 sive

279 2368 446 2436 prophetiae
466 2377 699 2448 evacuabuntur,
717 2383 778 2438 sive
797 2386 913 2456 linguae
932 2408 1031 2449 cessa-

243 2429 259 2478 9
278 2438 359 2506 hunt,
379 2441 440 2496 sive
458 2444 580 2501 scientia
594 2448 766 2509 destruetur.
791 2457 834 2512 Ex
848 2465 932 2528 parte
953 2466 1029 2520 enim

226 2501 260 2550 10
279 2512 486 2580 cognoscimus
506 2520 535 2570 et
554 2533 591 2572 ex
609 2526 692 2589 parte
711 2528 925 2596 prophetamus
956 2535 1028 2590 Cum

279 2586 375 2637 autern
385 2585 495 2640 venerit
510 2589 586 2657 quod
601 2595 761 2660 pert'ectum
771 2604 825 2668 est,
840 2607 1029 2662 evacuabitur

329 2784 356 2821 28
374 2780 429 2823 exin
445 2780 479 2820 Αἱ
511 2782 514 2836 Ι
547 2788 629 2838 gratia
647 2792 729 2841 ΑΜ
758 2795 763 2846 Ι
795 2818 819 2829 -
835 2798 934 2855 interpr·
953 2815 1025 2850 serm.

275 2836 302 2872 ao
316 2833 398 2884 gratia
412 2837 488 2878 curat.
504 2835 597 2883 habant
610 2845 636 2882 F
686 2853 712 2889 31
726 2849 859 2902 chariam]
875 2855 941 2900 dona
954 2859 992 2898 ΡΙ
1011 2862 1015 2912 Ι

276 2885 368 2928 maiora
382 2886 428 2935 &A
453 2891 457 2939 l
483 2888 656 2940 demonstrabo
671 2901 697 2939 F

329 2949 378 2996 13,1
393 2954 509 2994 -autem
522 2955 675 3008 n11vela1
705 2971 718 3005 2
733 2968 790 3009 -et
802 2965 883 3009 3⁰A¹l
897 2971 955 3014 -si
968 2972 1024 3015 2⁰1

275 3005 326 3040 3-
342 3001 377 3043 ita
393 3002 503 3055 [malt
526 3008 529 3054 Ι
555 3011 641 3056 ardeat
655 3017 677 3054 A
702 3019 706 3067 Ι
731 3019 806 3071 prode
820 3024 859 3065 est
872 3024 898 3062 F
958 3031 1025 3070 4est

276 3053 474 3148 ffirffff'sstona
519 3062 698 3117 ciniquitatcm
741 3079 756 3113 a
769 3075 864 3118 excedit
877 3078 900 3116 A
918 3080 922 3129 1
942 3079 1023 3123 diatrl·

526 3199 528 3204 '
620 3198 661 3242 448
