2275 3434
276 124 475 189 SECVNDVM
500 121 633 184 chn'ni.
730 123 872 193 dee-42.

58 315 133 351 uam
159 300 190 350 et
208 298 375 366 peccatores
394 293 545 362 diligentes
564 307 596 346 se
616 289 745 358 diligunt.
784 287 819 339 Et
839 289 873 338 33

59 379 85 431 si
116 375 322 431 benefeceritis
348 375 408 440 hm,
437 373 485 443 qui
511 371 594 427 vobis
618 368 818 432 benefaciunt3

60 473 142 527 quae
162 455 246 512 vobis
260 459 306 510 est
319 455 432 524 gratia?
451 451 593 523 siquidem
609 455 637 506 et
651 451 819 520 peccatores

59 541 120 593 hoc
148 537 269 593 faciunt.
305 535 342 592 Et
367 535 392 589 si
410 538 542 589 mutuum
561 530 697 587 dederitis
717 529 778 594 his,
803 529 1014 588 uddrssanna.

61 618 173 688 quibus
206 616 330 688 speratis
362 615 504 685 recipere;
542 629 617 683 quae
649 610 743 681 gratia
776 610 820 662 est

61 699 171 754 vobis?
190 715 258 752 nam
277 700 307 752 et
324 699 493 766 peccatores
507 691 709 763 peccatoribus
725 688 820 744 foene-

63 784 185 846 rantur,
212 782 245 832 ut
272 776 412 845 recipiant
441 773 581 843 aequalia.
618 771 821 826 Verumtamen
841 769 875 819 35

63 859 180 928 diligite
206 857 338 912 inimicos
356 858 485 910 vestros:
510 851 688 917 benefacite,
714 852 743 904 et
761 865 821 902 mu-

64 946 151 994 tuum
166 937 243 1004 date,
257 935 327 990 nihil
339 934 406 989 inde
421 936 585 1003 sperantes:
601 935 630 986 et
645 930 698 985 erit
712 945 821 984 merces

66 1021 170 1072 vestra
188 1017 287 1082 multa,
307 1018 336 1070 et
353 1014 433 1070 eritis
447 1013 496 1068 filii
510 1011 659 1078 Altissimi,
678 1010 745 1079 quia
759 1009 821 1078 ipse

66 1097 213 1166 benignus
228 1099 273 1151 est
287 1111 374 1165 super
388 1094 516 1164 ingratos
532 1096 561 1147 et
575 1092 674 1146 malos.
720 1089 821 1144 Estote
842 1092 875 1142 36

67 1195 137 1248 ergo
155 1175 354 1232 misericordes
368 1175 445 1230 sicut
459 1178 489 1228 et
502 1173 590 1228 Pater
603 1175 699 1227 vester
712 1169 822 1224 miseri-

38 1258 133 1327 ''Yeors
151 1261 206 1312 est.
234 1256 329 1312 Nolite
343 1255 477 1321 iudicare,
498 1258 527 1308 et
541 1269 598 1308 uon
612 1249 820 1306 iudicabimini:
841 1251 875 1302 37
886 1240 971 1320 m&

44 1332 158 1395 'nolite
185 1337 389 1404 condemnare,
418 1337 447 1390 et
472 1351 528 1390 uon
554 1330 820 1388 condemnabimini.
885 1349 973 1392 uren.

69 1419 228 1485 Dimittis,
254 1421 283 1472 et
308 1415 498 1472 dimittemini.
516 1416 520 1453 ¹
537 1414 625 1480 Date,
652 1417 680 1468 et
707 1411 822 1466 dabitur
840 1413 916 1464 38u0
928 1431 975 1472 qn.

70 1501 169 1554 vobis:
198 1497 360 1553 mensuram
387 1497 507 1564 bonam,
536 1499 565 1549 et
590 1493 765 1559 confertam,
793 1495 822 1546 et

70 1580 262 1651 coagitatam,
299 1582 328 1632 et
363 1574 615 1646 supereffluentem
651 1573 760 1638 dabunt
793 1572 821 1625 in

72 1662 166 1716 sinum
184 1662 321 1715 vestrum,
350 1657 459 1712 Eadem
477 1655 584 1726 quippe
603 1670 746 1720 mensura,
765 1669 823 1721 qua

44 1741 62 1767 ⁷
72 1741 164 1796 mensi
193 1739 321 1806 fueritis,
354 1737 520 1792 remetietur
547 1735 637 1790 vobis
700 1732 823 1788 Dicebat
842 1737 988 1792 39m1an2

49 1810 52 1819 ²
75 1820 245 1876 autemillis
264 1823 294 1874 et
312 1817 541 1873 similitudinem:
561 1813 707 1884 Numquid
725 1815 822 1882 potest
908 1795 997 1838 ²³’¹⁰'⁹⁴'

76 1917 178 1954 caecus
204 1915 322 1954 caecum
347 1897 472 1953 ducere?
498 1913 592 1952 nonne
620 1894 703 1950 ambo
729 1893 757 1948 in
782 1892 823 1946 f·
1106 1937 1107 1940 ,

49 1980 159 2060 {ream
195 1979 323 2034 cadunt?
369 1978 433 2034 Non
470 1980 515 2032 est
548 1975 705 2044 discipulus
738 1977 1014 2042 superdonans.
1106 2015 1107 2018 ,

78 2059 259 2129 magistrum:
288 2058 435 2130 perfectus
462 2060 559 2111 autem
585 2055 677 2111 omnis
704 2053 773 2120 erit,
798 2053 824 2106 si
886 2035 963 2070 ³¹⁵²⁰

50 2141 68 2166 77
79 2141 117 2194 sit
141 2139 216 2194 sicut
240 2139 379 2210 magister
402 2139 472 2192 eius
527 2134 603 2206 Quid
627 2137 723 2189 autem
743 2131 823 2187 vides
842 2137 876 2187 41

79 2222 218 2275 festucam
240 2219 271 2274 in
289 2219 370 2274 oculo
390 2217 488 2273 fratris
506 2217 562 2283 tui,
588 2215 700 2270 trabem
720 2217 823 2280 autem,

79 2300 197 2370 quaein
217 2301 298 2355 oculo
317 2304 368 2354 tuo
388 2301 448 2365 est,
470 2313 527 2357 non
547 2294 730 2350 consideras?
768 2293 825 2347 Aut
843 2298 878 2349 42

80 2379 217 2450 quomodo
254 2384 338 2450 potes
376 2379 470 2433 dicere
507 2375 590 2432 fratri
622 2378 687 2430 tuo:
725 2374 825 2428 frater

81 2462 140 2516 sine
164 2461 275 2517 eiiciam
301 2459 444 2514 festucam
467 2457 502 2512 de
522 2457 603 2512 oculo
623 2459 687 2510 tuo:
715 2455 824 2524 ipsein
877 2465 881 2470 ·

81 2542 158 2598 oculo
189 2545 239 2597 tuo
272 2540 384 2595 trabem
416 2556 473 2593 non
505 2537 627 2592 videns?
669 2535 825 2605 Hypocrita

82 2623 148 2678 eiioe
172 2621 295 2692 primum
320 2620 431 2676 trabem
456 2619 491 2673 de
515 2619 596 2673 oculo
616 2620 681 2671 tuo:
709 2620 737 2669 et
756 2620 825 2671 tune

81 2702 232 2772 perspicies
274 2705 306 2755 ut
348 2699 454 2754 educas
492 2698 633 2752 festucam
672 2697 711 2778 de
744 2697 824 2750 oculo

133 2896 158 2934 35
171 2891 196 2934 ot
209 2886 359 2933 benefacite

133 2942 276 2992 m-mw

134 3003 158 3041 ee
172 2996 260 3042 cadent

135 3050 282 3094 m-mm

135 3111 159 3147 42
173 3106 236 3154 aut]
252 3107 277 3147 et
