2275 3434
239 163 398 230 laos-57.
435 167 635 223 SECVNDVM
656 168 893 223 MATTHAEVM.

292 326 434 380 caelorum
454 327 560 382 homini
579 327 760 395 negotiatori,
780 329 929 398 quaerenti
948 328 1040 383 bonas

100 422 138 456 ru
151 425 227 466 arom.
237 407 272 458 46
292 407 472 476 margaritas.
508 408 627 461 Inventa
643 410 737 461 autem
752 425 810 462 una
824 409 952 477 pretiosa
966 425 1040 464 mar-

291 487 398 555 ganta,
424 487 507 555 abiit,
527 492 556 542 et
575 485 703 542 vendidit
722 489 817 542 omnia
836 505 910 558 quae
929 488 1039 555 habuit,

151 567 271 626 rasisti
292 570 321 620 et
350 567 418 622 emit
447 584 518 622 eam.
597 567 702 621 Iterum
729 569 820 622 simile
849 573 894 623 est
921 585 1039 638 regnum

292 648 434 700 caelorum
468 663 593 716 sagenae
625 647 731 702 missae
764 649 793 702 in
823 665 914 714 mare,
947 641 976 704 et
1003 665 1039 703 ex

237 729 272 778 48
292 728 368 780 omni
404 743 508 796 genere
545 727 667 795 piscium
699 729 894 798 eongreganti.
944 746 1040 798 quam,

292 823 354 860 cum
375 808 493 876 impleta
512 810 598 873 esset,
625 807 788 874 educentes
808 814 837 864 et
855 825 939 863 secus
958 808 1040 863 littus

292 887 441 954 sedenteS,
475 888 621 955 elegerunt
653 887 744 943 bonos
772 889 801 942 in
830 906 916 955 vasa,
948 889 1039 942 malos

169 970 272 1028 nano
292 971 387 1021 autem
414 967 492 1021 foras
517 967 664 1022 miserunt.
702 968 750 1023 Sio
776 969 829 1022 erit
854 968 883 1021 in
909 984 1040 1022 eonsum-

291 1048 416 1101 matione
442 1047 563 1100 saeculi:
590 1049 709 1102 exibunt
735 1049 844 1117 angeli,
871 1051 900 1102 et
923 1064 1040 1116 separa·

238 1130 273 1181 50
290 1127 363 1181 bunt
389 1128 478 1180 maios
506 1125 540 1180 de
567 1127 660 1182 medio
683 1129 838 1194 iustorum,
876 1133 905 1182 et
923 1129 1040 1183 mittent

292 1224 340 1261 eos
355 1208 384 1260 in
399 1207 540 1261 caminum
555 1208 644 1277 ignis:
661 1209 701 1261 ibi
716 1208 770 1261 erit
784 1207 877 1275 fietne,
891 1212 920 1263 et
934 1208 1040 1263 stridor

238 1291 271 1342 51
292 1287 428 1342 dentium.
496 1288 681 1342 intellexistis
696 1287 768 1340 haec
782 1289 896 1342 omnia?
932 1288 1041 1345 Dicunt

238 1372 272 1422 ὀί).
292 1369 330 1422 ei:
350 1368 452 1422 Etiam.
490 1368 538 1422 Ait
552 1369 620 1422 illis:
640 1367 706 1422 Ideo
722 1368 813 1422 omnis
828 1369 922 1422 scriba
937 1369 1040 1423 doetus

291 1449 320 1502 in
347 1465 434 1517 regno
458 1449 613 1515 caelorum,
639 1447 739 1502 similis
763 1452 808 1502 est
826 1449 933 1503 homini
951 1448 1041 1518 patri-

292 1528 432 1594 familiaS‚
458 1529 506 1598 qui
530 1529 641 1598 profert
667 1529 702 1583 de
727 1529 862 1583 thesauro
887 1546 939 1583 suo
964 1546 1041 1584 nova

292 1613 321 1663 et
339 1612 445 1663 vetera.

120 1672 228 1759 ἧξξῇἷὲ,
239 1693 273 1744 53
362 1689 399 1743 Et
419 1689 527 1743 iactum
548 1692 605 1755 est,
630 1707 694 1743 oum
714 1694 940 1745 consummasset
959 1689 1040 1743 lesus

112 1762 228 1850 ᾖξ’ζξῑῗῖξ
239 1773 273 1824 54
292 1769 443 1838 parabolas
463 1769 549 1836 istae,
574 1770 689 1824 transiit
708 1770 781 1824 inde.
819 1770 855 1824 Et
873 1769 991 1823 veniens
1010 1768 1040 1822 in
1052 1766 1078 1846 ff*

97 1850 206 1893 ¹⁹³¹³²⁶rr
291 1849 414 1918 patriam
450 1866 547 1916 suam,
585 1850 707 1904 docebat
740 1867 789 1905 eos
822 1851 851 1904 in
884 1849 1041 1918 synagogis

293 1946 403 1993 eorum,
429 1929 469 1983 ita
488 1933 521 1983 ut
539 1929 722 1997 mirarentur,
743 1934 771 1984 et
790 1930 931 1984 dicerent:
958 1928 1041 1984 Unde

292 2009 358 2063 huie
390 2010 534 2078 sapientia
565 2009 652 2076 haee,
690 2013 719 2064 et
751 2011 893 2064 virtutes?
939 2009 1041 2063 Nonne

239 2095 272 2144 55
292 2089 338 2144 hio
366 2093 411 2142 est
437 2088 511 2142 fabri
537 2089 633 2142 filius?
669 2090 769 2144 Nonne
794 2093 887 2143 mater
912 2090 974 2143 eius
1000 2088 1042 2143 di-

293 2170 365 2224 oitur
397 2169 502 2236 Maria,
535 2173 563 2224 et
597 2169 701 2224 iratres
734 2171 811 2236 eiua,
844 2170 978 2236 lacohuS,
1011 2173 1042 2224 et

125 2255 272 2314 sensato·
291 2249 408 2318 Ioseph,
442 2251 470 2302 et
503 2248 614 2316 Simon,
648 2255 676 2304 et
708 2249 815 2303 Iudas?
866 2253 895 2304 et
927 2266 1041 2303 sorores

292 2330 368 2395 eiuS,
396 2345 489 2382 nonne
518 2346 617 2383 omnes
646 2329 722 2398 apud
750 2347 802 2384 nos
828 2332 916 2383 sunt?
958 2329 1041 2383 Unde

155 2415 271 2476 randi
292 2425 359 2478 ergo
385 2408 451 2462 hnic
477 2410 572 2464 omnia
596 2410 674 2464 ista?
711 2410 747 2463 Et
770 2409 1042 2463 scandalizabantur

292 2489 320 2543 in
346 2505 388 2543 eo.
418 2488 524 2544 *Iesus
545 2494 642 2544 autem
662 2489 734 2543 dixit
753 2490 809 2543 eis:
829 2490 892 2544 Non
912 2492 957 2543 est
975 2491 1082 2569 pross

291 2568 379 2638 pheta
405 2569 466 2623 sine
491 2570 598 2624 honore
625 2569 680 2623 nisi
703 2569 732 2623 in
754 2570 849 2639 patria
868 2587 935 2635 sua,
962 2573 990 2623 et
1010 2570 1040 2623 in

344 2879 370 2915 47
386 2893 409 2906 -
424 2873 527 2929 piscium

345 2951 370 2987 52
383 2945 448 2999 patri
461 2945 519 2988 fam.
