2275 3434
241 131 383 198 Lao-m.
470 129 668 185 SECVNDVM
689 127 851 184 MARCVM.

240 293 276 343 23
294 309 351 346 non
379 292 454 346 sicut
482 291 608 346 Scribae.
683 290 720 345 Et
748 293 810 345 erat
838 290 866 344 in
894 297 1084 371 synagoga-¹:

294 389 391 426 eorum
418 373 502 427 homo
528 373 556 425 in
583 372 685 441 spiritu
709 370 870 426 immundo:
897 375 927 424 et
951 371 1057 424 excla-

96 472 132 514 ετ.
144 453 276 513 r.1u,10.24
294 453 392 518 mavit,
413 452 541 506 'dioens:
568 451 644 521 Quid
663 451 760 519 nobis,
784 455 813 505 et
832 449 885 505 tibi
903 451 972 504 Iesu
992 451 1057 504 Na-

294 549 411 587 zarene:
441 532 545 586 venisti
573 530 692 601 perdere
720 532 795 586 nos?
828 530 888 584 scio
917 530 969 599 qui
999 532 1056 586 sis.

240 613 275 664 25
294 612 419 667 Sanctus
446 612 507 666 Dei.
545 612 582 665 Et
611 611 801 666 comminatus
830 615 874 664 est
903 611 929 664 ei
954 609 1055 665 Iesus.

182 695 275 754 a,n.26
295 692 407 746 dicens:
437 692 625 759 Obmutesce‚
654 697 683 747 et
711 692 756 746 exi
785 691 820 746 de
848 691 973 745 homine.
1014 691 1055 745 Et

294 773 459 843 discerpens
479 789 543 828 eum
563 773 683 843 spiritus
700 771 878 840 immundus,
902 774 933 827 et
951 773 1055 826 excla-

240 854 274 904 227
293 871 376 908 mans
402 871 472 908 voce
501 870 607 921 magna
635 854 705 907 exiit
733 855 769 907 ab
798 869 841 907 eo.
883 852 920 905 Et
947 852 1053 906 mirati

294 938 363 988 sunt
386 951 499 1000 omneS,
522 935 563 988 ita
587 937 620 987 ut
640 933 841 1002 conquirerent
859 932 934 986 inter
952 948 987 985 se
1008 932 1054 985 di-

294 1017 406 1068 centes:
427 1014 569 1084 Quidnam
589 1017 635 1067 est
653 1013 727 1067 hoc?
752 1029 895 1082 quaenam
914 1011 1053 1067 doctrina

293 1093 365 1148 haec
383 1096 475 1148 nova?
495 1094 563 1162 quia
582 1093 612 1146 in
630 1096 776 1162 potestate
791 1092 879 1147 etiam
894 1091 1053 1161 spiritibus

240 1174 275 1224 28
293 1173 447 1227 immundis
471 1174 609 1243 imperat,
636 1177 665 1228 et
690 1172 828 1228 obediunt
853 1173 886 1226 ei.
923 1171 961 1227 Et
979 1189 1053 1241 pro-

294 1254 382 1308 cessit
402 1270 498 1308 rumor
517 1253 580 1306 eius
599 1255 699 1308 statim
717 1253 747 1308 in
766 1269 879 1307 omnem
897 1251 1052 1321 regionem

103 1317 274 1404 Miidifiaffl
294 1333 446 1388 Galilaeae.
502 1332 538 1387 Et
565 1334 697 1402 protinus
725 1332 905 1402 egredientes
933 1331 969 1386 de
1000 1326 1077 1406 sp}

116 1407 229 1448 ΗΜ·
293 1430 422 1483 nagoga,
455 1417 595 1468 venerunt
628 1414 657 1468 in
690 1413 805 1468 domum
839 1412 979 1480 Simonis,
1019 1420 1049 1468 et.

240 1494 275 1543 30
293 1493 423 1548 Andreae
438 1511 503 1548 cum
517 1493 629 1560 Iacobo,
649 1498 678 1548 et
692 1495 807 1548 Ioanne.
845 1492 1048 1548 Decumbebat

294 1577 391 1628 autem
414 1590 513 1628 socrus
533 1574 658 1629 Simonis
682 1573 866 1628 febricitans:
891 1577 920 1627 et
943 1575 1049 1629 statim

240 1655 272 1704 31
294 1653 392 1707 dicunt
417 1654 443 1708 ei
462 1653 497 1709 de
516 1654 573 1708 iila.
610 1655 647 1708 Et
666 1654 806 1708 accedeus
826 1653 951 1708 elevavit
970 1669 1049 1717 eam,

294 1734 474 1802 apprehensa
501 1751 589 1790 manu
615 1735 690 1788 eius:
720 1737 750 1789 et
775 1734 909 1788 continuo
935 1732 1050 1790 dimisit

238 1815 274 1866 32
294 1830 357 1867 eam
390 1814 494 1881 febris,
528 1819 556 1868 et
589 1815 773 1869 ministrabat
799 1815 849 1868 eis
918 1814 1048 1883 Vespere

294 1897 390 1947 autem
419 1893 496 1949 facto
525 1912 590 1948 cum
619 1894 772 1949 occidisset
797 1895 855 1962 sol,
883 1893 1049 1950 afferebant

294 1973 331 2027 ad
356 1990 421 2028 eum
446 1989 546 2028 omnes
570 1976 643 2029 male
663 1975 819 2039 habentes,
845 1978 874 2028 ct
893 1973 1047 2030 daemonia

240 2056 274 2105 33
293 2053 449 2108 habentes:
487 2058 516 2109 et
542 2060 604 2109 erat
628 2055 720 2109 omnis
744 2054 846 2108 civitas
866 2058 1046 2122 congregata

92 2135 275 2224 aa1i1i’ii'34
294 2133 331 2187 ad
349 2135 473 2189 ianuam.
512 2134 547 2190 Et
567 2135 679 2189 curavit
696 2135 811 2202 multos,
831 2135 879 2203 qui
899 2135 1045 2188 vexaban-

164 2212 169 2232 '
193 2213 198 2222 '
224 2212 228 2223 '
293 2217 340 2268 tur
367 2215 455 2269 variis
483 2216 684 2285 languoribu5‚
716 2218 746 2269 et
774 2214 924 2269 daemonia
951 2215 1044 2269 multa

294 2294 439 2363 efficiebat,
464 2296 516 2350 *et
534 2312 591 2349 non
611 2296 725 2349 sinebat
743 2311 778 2349 ea
796 2294 888 2363 loqui,
907 2284 1069 2363 quoniam?

114 2374 221 2454 diii-⁹4²4
239 2374 273 2426 35
293 2374 424 2430 sciebant
451 2393 523 2429 eum.
584 2375 621 2429 Et
649 2374 771 2429 diluculo
799 2374 883 2428 valde
912 2379 1069 2442 surgens!

154 2444 159 2464 ⁷
224 2443 228 2453 ’
293 2471 427 2523 egressus
437 2456 508 2510 abiit
518 2455 547 2510 in
558 2455 704 2509 desertum
714 2455 815 2522 locum,
823 2455 920 2523 ibique
930 2433 1065 2508 orabat.’

239 2537 273 2587 36
292 2535 329 2588 Εῖ
347 2540 517 2604 prosecutus
537 2541 582 2590 est
601 2552 667 2590 eum
680 2533 787 2601 Simon,
807 2537 836 2588 et
851 2534 900 2603 qui
915 2551 979 2587 cum
992 2533 1039 2588 illo

239 2619 272 2668 37
293 2618 381 2669 erant.
419 2616 539 2670 Etcum
558 2615 736 2668 invenissent
755 2630 828 2681 eum,
848 2614 980 2668 dixerunt
999 2615 1036 2668 ei:

238 2697 273 2748 38
292 2693 365 2764 Quia
385 2712 483 2751 omnes
503 2698 645 2764 quaerunt
664 2698 701 2749 te.
737 2694 775 2748 Et
789 2694 829 2747 ait
843 2694 913 2747 iliis:
933 2693 1036 2748 Eamus

344 2913 371 2951 24
385 2907 406 2962 ᾖ
420 2906 511 2952 venisti
526 2908 584 2950 ante
597 2909 692 2962 tempus
718 2908 721 2961 Ι
747 2905 768 2961 ξ
783 2905 846 2960 quod
861 2905 896 2949 sis

344 2977 370 3012 27
385 2981 446 3023 qnae
471 2971 475 3024 Ι
500 2970 575 3014 etiam
589 2975 598 3020 ]
613 2973 638 3014 et

344 3038 371 3074 34
386 3035 409 3083 >
424 3031 492 3085 loqui
506 3041 536 3075 ea

344 3100 371 3136 ao
384 3095 527 3148 persecutus

644 3171 672 3215 86
