2275 3434
267 176 386 235 acrvs
409 149 692 236 lposroronm.
755 178 898 272 naa-14.

91 344 246 398 Summum
275 343 454 398 sacerdotem
481 342 534 397 Dei
562 341 729 397 maledicis?
766 342 881 397 Dixith
909 357 1008 403 aaran.

93 427 193 478 autem
212 423 334 477 Paulus:
360 423 531 479 Nescieham
544 424 660 478 iratres
683 422 752 492 quia
770 423 846 491 prin-

92 520 163 573 ceps
198 507 244 557 est
276 502 466 559 sacerdotum.
510 502 655 572 Scriptum
683 507 730 557 est
757 503 845 557 enim:

93 584 258 653 Principem
284 584 381 653 populi
405 584 447 639 tui
470 600 527 639 non
545 582 707 637 maledices.
746 582 882 637 Scienstt
910 603 1068 644 camarae.

94 668 192 719 autem
221 664 330 733 Paulus
358 664 426 733 quia
453 681 511 718 nna
538 679 606 733 pars
634 667 713 717 esset.
737 662 847 717 Saddu-

94 761 245 811 caeorum,
266 747 295 798 et
314 745 405 798 altera
424 744 656 810 Pharisaeorum,
676 744 847 797 exclamavit

94 826 123 878 in
143 824 278 879 concilio:
299 823 357 878 Viri
377 824 492 892 fratres,
510 840 563 893 ego
583 823 756 878 Pharisaeus
775 840 847 890 sum,

94 905 169 959 lilius
189 904 425 971 Pharisaeorum,
451 903 487 958 dc
512 920 564 973 spe
588 908 617 957 et
640 904 848 959 resurrectione

96 990 273 1039 mortuorum
289 1001 343 1053 ego
357 983 474 1039 iudicor.
502 984 539 1039 Et
553 999 618 1037 curn
632 984 704 1038 haec
718 983 847 1051 dixisset,
866 989 882 1037 7

99 1066 176 1120 lacta
200 1069 247 1119 est
266 1064 407 1119 dissensio
426 1065 501 1119 inter
519 1064 703 1130 Pharisaeos,
729 1069 758 1118 et
777 1064 847 1118 Sad-

98 1146 236 1212 ducaeos,
262 1147 292 1200 et
310 1146 406 1199 soluta
424 1148 469 1199 est
487 1142 648 1199 multitudo.
686 1143 847 1199 Sadducaei
866 1148 883 1198 8
911 1164 1008 1204 mam

97 1226 171 1280 enim
192 1224 304 1292 dicunt,
325 1242 382 1279 non
402 1242 466 1279 esse
485 1224 736 1291 resurrectionem,
754 1241 847 1295 neque

95 1308 254 1375 Angelum,
279 1320 371 1373 neque
398 1304 550 1374 Spiritum:
575 1304 725 1358 Pharisaei
751 1310 847 1359 autern

96 1390 219 1455 utraque
240 1386 417 1439 confitentur.
447 1385 554 1440 Factus
571 1388 616 1439 est
630 1389 726 1439 autem
740 1388 848 1442 clamor
866 1390 882 1438 9
910 1406 968 1446 aaa
980 1406 1028 1447 aaa

97 1484 228 1537 magnus
259 1466 296 1521 Et
314 1470 466 1535 surgentes
486 1465 602 1535 quidam
620 1465 847 1534 Pharisaeorum,

97 1546 276 1617 pugnabant,
296 1546 439 1601 dicentes:
458 1546 535 1600 Nihil
553 1548 620 1601 mali
639 1547 799 1601 invenimus
818 1547 847 1599 in

98 1628 213 1681 homine
238 1626 310 1681 isto:
337 1625 404 1695 quid
429 1626 454 1680 si
474 1625 598 1695 Spiritus
618 1629 730 1682 locutus
749 1630 794 1680 est
813 1627 847 1693 ei,
877 1623 879 1628 '

99 1712 149 1762 aut
166 1706 315 1776 Angelus?
345 1706 381 1761 Et
400 1724 464 1761 cum
482 1724 590 1777 magna
608 1708 750 1762 dissensio
769 1707 848 1761 facta
868 1710 902 1759 10

101 1792 184 1855 esset,
201 1787 307 1841 timens
322 1786 453 1841 tribunus
467 1804 503 1841 ne
518 1788 728 1857 discerperetur
742 1787 848 1841 Paulus

100 1868 134 1921 ab
154 1868 240 1937 ipsis,
266 1861 351 1922 iussit
368 1867 473 1921 milites
493 1867 679 1935 descendere,
699 1873 729 1922 et
747 1884 848 1936 rapere

104 1965 163 2002 eum
189 1948 225 2002 de
251 1946 344 2002 medio
371 1964 484 2013 eorum,
510 1964 543 2001 ac
569 1948 709 2001 deducere
735 1949 846 2001 eumin

107 2033 203 2083 castra.
269 2027 406 2097 Sequenti
433 2032 529 2081 autem
553 2032 638 2081 nocte
662 2028 802 2081 assistens
822 2029 847 2082 ei
869 2030 900 2081 ll
913 2048 962 2088 aa,
975 2049 1025 2089 raa

934 2094 995 2133 raam
1007 2094 1068 2132 aram
1119 2109 1121 2114 »

105 2107 248 2175 Dominus,
266 2108 318 2161 ait:
337 2107 480 2163 Constans
495 2110 571 2161 esto:
589 2108 664 2161 sicut
679 2108 753 2161 enim
768 2108 848 2161 testi·
933 2138 1021 2178 aaran.

103 2188 205 2243 heatus
222 2204 254 2242 es
273 2188 309 2243 de
328 2204 374 2242 me
393 2188 421 2241 in
440 2188 607 2253 Ierusalem,
627 2187 669 2241 sic
687 2192 716 2241 te
735 2193 848 2256 oportet

74 2272 131 2323 utet
148 2269 257 2323 Romae
275 2268 432 2323 testificari.
504 2268 595 2323 Facta
613 2271 709 2322 autem
729 2268 774 2322 die
794 2270 849 2322 col·
869 2270 902 2321 12

102 2350 230 2417 legerunt
249 2364 281 2403 se
300 2348 417 2418 quidam
436 2364 471 2403 ex
486 2348 608 2415 ludaeiS,
627 2352 656 2401 et
673 2347 849 2402 devoverunt

102 2447 131 2483 se
150 2429 296 2494 dicentes,
321 2430 414 2497 neq‘ue
432 2428 672 2494 manducaturos,
696 2443 789 2495 neque
807 2427 849 2481 bi-

18 2558 19 2563 ,
101 2510 210 2564 bituros
251 2508 341 2563 donec
379 2508 541 2563 occiderent
577 2508 705 2562 Paulum.
760 2507 849 2562 Erant
869 2512 901 2561 13

19 2678 22 2743 l

19 2746 20 2785 Ὗ
103 2754 166 2805 runt
195 2749 231 2804 ad
259 2750 403 2819 principes
431 2749 629 2816 sacerdotum,
658 2754 687 2803 et
712 2748 847 2814 seniores,

19 2848 22 2952 l

103 2594 197 2644 autem
234 2590 298 2657 plus
336 2590 421 2657 quam
459 2589 652 2657 quadraginta
688 2587 757 2655 viri,
800 2588 847 2656 qui

102 2670 173 2724 hanc
207 2670 432 2723 coniurationem
462 2669 606 2723 fecerant:
644 2670 692 2739 qui
720 2683 849 2753 accesse-¹
868 2672 927 2769 14}
937 2693 1003 2769 maa.

951 2759 975 2779 ἲ·
1038 2777 1042 2783 .

104 2836 131 2885 ct
178 2830 328 2885 dixerunt:
378 2829 537 2884 Devotione
583 2829 750 2905 devovimus
795 2845 848 2881 nos

156 3088 178 3124 11
195 3103 218 3113 -
234 3081 259 3124 in

156 3160 180 3195 13
196 3172 218 3185 -
233 3152 280 3196 viri
