2275 3434
208 185 348 254 tao—36.
412 184 532 240 ACTVS
556 184 838 240 APOSTOLORVM.

81 364 98 397 c
111 348 242 409 arr-rabit
262 345 291 398 in
315 348 422 414 sporta.
496 344 567 399 Cum
592 348 688 399 autem
707 344 834 399 venisset
853 345 881 398 in
902 345 1010 399 Ierusa-

261 426 325 492 lem,
348 424 481 480 ientabat
499 442 531 479 se
550 426 667 494 iungere
687 424 842 493 discipulis,
863 429 893 480 et
912 442 1012 479 omnes

262 506 404 560 timebant
418 522 491 572 eum,
507 523 564 560 non
579 504 728 559 credentes
743 504 819 574 quod
834 508 914 559 esset
928 505 1012 559 disci-

168 608 196 640 πο.
208 590 242 641 27
261 587 354 655 pulos
392 586 541 641 Barnabas
571 589 668 641 autem
696 586 906 655 apprehensum
933 586 1012 640 illum

262 666 343 721 duxit
363 666 399 720 ad
414 667 583 735 Apostolos:
603 669 632 720 et
651 666 779 720 narravit
797 666 851 720 illis
868 666 1013 735 quomodo

262 748 290 801 in
309 747 357 801 via
375 747 496 801 vidisset
515 746 681 813 Dominum,
701 750 729 801 et
749 747 815 816 quia
834 748 948 801 locutus
969 751 1014 802 est

262 828 297 895 ci,
317 832 346 883 et
365 827 506 897 quomodo
526 828 554 881 in
569 827 713 882 Damasco
732 827 902 881 fiducialiter
921 828 1015 897 egerit

204 902 243 961 '28
262 909 290 962 in
309 908 423 963 nomine
441 909 514 963 Iesu.
548 908 586 962 Et
605 912 667 962 erat
686 925 750 962 cum
769 908 824 962 illis
843 908 964 974 intrans
984 912 1015 963 et

263 988 360 1043 exiens
384 988 413 1042 in
432 989 599 1054 Ierusalem,
624 992 654 1042 et
676 987 845 1042 fiducialiter
869 1003 960 1055 agens
982 987 1014 1042 in

208 1072 242 1121 29
262 1068 376 1123 nomine
404 1068 526 1122 Domini.
565 1068 750 1137 Loquebatur
775 1083 888 1136 quoque
914 1067 1014 1121 Genti-

262 1149 332 1215 buS,
359 1152 387 1203 et
413 1148 582 1217 disputabat
606 1148 823 1202 cumGraecis:
849 1147 889 1201 illi
915 1151 1014 1202 autern

52 1252 108 1293 usa.
122 1232 244 1292 G1,‘rr.30
263 1229 440 1297 quaerebant
462 1228 590 1283 occidere
612 1245 685 1283 eum.
723 1227 805 1297 Quod
824 1244 888 1281 cum
908 1244 1011 1296 coguo-

262 1308 372 1363 vissent
398 1310 518 1375 fratrea,
544 1308 724 1363 deduxerunt
743 1325 808 1363 eum
828 1308 1010 1375 Caesaream,

263 1392 292 1444 et
311 1388 479 1444 dimiserunt
497 1389 645 1443 Tharsum.

102 1654 140 1685 11<
153 1654 198 1694 aa
209 1634 242 1685 31
334 1629 463 1685 Ecclesia
487 1630 602 1699 quidem
626 1644 679 1699 per
696 1632 789 1683 totam
807 1629 957 1696 Iudaeam,
985 1635 1015 1684 et

264 1710 436 1776 Galilaeam,
463 1715 492 1765 et
512 1710 671 1765 Samariam
694 1708 822 1764 habebat
840 1726 957 1778 pacem,
985 1716 1015 1765 et

206 1828 208 1833 -
264 1790 470 1845 aedificabatur
489 1792 639 1849 ambulans
657 1790 686 1843 in
705 1790 807 1844 timore
826 1790 958 1858 Domini,
985 1796 1014 1845 et

264 1871 458 1925 consolatione
478 1871 571 1925 sancti
589 1870 713 1939 Spiritus
731 1870 904 1939 replebatur.
959 1926 967 1939 ,

210 1956 244 2005 33
335 1952 453 2005 Factum
480 1954 525 2005 est
551 1954 663 2017 autern,
688 1953 721 2005 ut
739 1950 843 2005 Petrus
863 1950 930 2004 dum
949 1967 1051 2020 per-27

263 2033 400 2086 transiret
418 2031 577 2098 universos
597 2030 744 2085 deveniret
764 2030 800 2083 ad
817 2034 944 2097 sanctos,
964 2032 1014 2100 qui

207 2116 244 2165 33
263 2111 434 2165 habitabant
453 2110 579 2179 Lyddae.
616 2112 727 2165 Invenit
749 2114 846 2165 autem
865 2110 904 2164 ibi
923 2110 1013 2165 homi-

264 2208 327 2245 nem
343 2192 494 2260 quendam,
513 2192 627 2245 nomine
641 2192 776 2258 Aeneam,
795 2190 831 2244 ab
849 2191 933 2244 annis
948 2197 1015 2246 octo

101 2332 103 2336 ¹
210 2276 245 2325 34
264 2272 404 2325 iacentem
424 2272 452 2325 in
471 2272 602 2340 grabata,
622 2271 671 2340 qui
690 2274 752 2326 erat
766 2270 951 2340 paralyticus.
978 2272 1016 2325 Et

265 2352 305 2405 ait
338 2351 376 2405 illi
405 2352 525 2406 Petrus:
557 2352 670 2419 Aenea,
703 2354 788 2405 sanat
815 2354 845 2404 te
873 2350 1015 2405 Dominus

264 2432 344 2486 lesus
374 2431 522 2486 Christus:
556 2448 657 2500 surge,
691 2435 719 2485 et
746 2434 842 2486 sterne
871 2430 931 2485 tibi.
977 2430 1016 2485 Et

210 2517 245 2567 35
265 2513 398 2566 continuo
425 2511 556 2567 surrexit.
595 2512 631 2565 Et
656 2510 789 2565 viderunt
814 2527 879 2565 eum
904 2526 1016 2577 omneS,

265 2594 313 2661 qui
332 2592 503 2647 habitabant
522 2591 651 2660 Lyddae,
671 2595 700 2646 et
719 2590 859 2646 Saronae:
879 2591 927 2660 qui
948 2608 1016 2645 con·

211 2679 245 2729 36
264 2673 340 2727 versi
360 2676 427 2727 sunt
447 2671 483 2726 ad
502 2672 663 2726 Dominum.
760 2672 791 2725 ln
810 2671 897 2739 ioppe
916 2674 1015 2725 autern

265 2754 321 2807 fuit
358 2752 499 2822 quaedam
537 2751 692 2822 discipula,
729 2752 842 2806 nomine
879 2750 1015 2819 Tabitha,

318 2947 344 2983 26
360 2944 381 2990 >
398 2939 498 2992 iungere
514 2950 540 2983 sc
566 2940 570 2989 Ι
596 2939 653 2991 quia

318 3000 345 3037 28
360 3000 382 3025 ’-
399 2995 424 3035 et
437 2994 464 3033 3⁰
545 3000 571 3035 29
586 3014 609 3024 -
626 2991 745 3036 Gentibus

318 3052 345 3089 30
359 3045 428 3099 §tib
443 3046 544 3089 Tarsum

318 3104 344 3141 34
359 3109 449 3159 aeneas
474 3099 478 3153 Ι
504 3098 614 3152 &sanet
638 3100 642 3151 1
669 3099 824 3143 -Dominus

318 3150 425 3195 35111um
519 3158 545 3193 ro
559 3151 640 3195 tabita

609 3228 649 3273 396
