2275 3434
269 148 389 206 ACTVS
411 148 693 207 APOSTOLORVM.
759 152 900 217 ihu-18.

96 308 250 366 audientes
278 312 356 365 haec.
394 312 431 366 Et
459 313 580 381 accepta
604 312 804 367 satisfactione
830 315 883 367 a9

96 392 209 458 Iasone,
229 394 259 445 et
273 408 291 445 a
305 391 416 459 ceteris,
436 391 605 447 dimiserunt
618 408 677 447 eos.
732 392 847 447 Fratres
868 395 902 445 10

95 487 165 526 vero
181 471 334 526 confestim
349 488 400 541 per
414 476 527 527 noctem
540 472 709 527 dimiserunt
718 473 847 540 Paulum,

97 555 126 604 et
145 551 236 607 Silam
255 551 284 605 in
304 552 450 607 Beroeam.
486 550 540 622 Qui
560 569 625 606 cum
643 552 800 619 venissent,
818 552 847 605 in

96 648 276 701 synagogam
295 631 463 686 ludaeorum
482 632 661 687 introicrunt.
695 632 733 686 Hi
751 636 847 687 autem
869 634 899 686 ll
911 650 925 684 r
936 654 983 694 nso.

97 715 180 765 erant
203 711 357 766 nobiliores
377 728 487 779 eorum,
513 712 561 781 qui
580 716 649 767 sunt
667 711 848 767 Thessaloni·
912 699 947 739 ⁷¹¹¹

97 808 160 859 cae,
187 791 237 861 qui
264 798 452 861 susceperunt
470 793 589 847 verbum
611 810 675 847 cum
693 794 770 848 omni
790 793 848 847 avi·

96 872 197 941 ditate,
218 872 345 941 quotidie
364 877 526 928 scrutantes
542 872 715 943 Scripturas
735 874 760 927 si
776 873 848 927 haec

97 954 136 1007 ita
156 969 188 1007 se
208 952 355 1008 haberent.
385 952 422 1007 Et
441 952 522 1008 multi
537 952 652 1023 quidem
667 953 848 1008 crediderunt
869 956 902 1007 12

99 1050 131 1087 ex
150 1034 203 1100 eiS,
224 1036 253 1087 et
271 1034 421 1087 muliemm
436 1032 591 1088 Gentilium
605 1034 800 1101 honestamm
818 1038 848 1087 et

100 1114 147 1167 viri
174 1130 233 1168 nou
257 1114 350 1182 pauci.
388 1113 460 1167 Cum
480 1118 576 1168 autem
597 1114 800 1183 cognovissent
818 1114 846 1168 in
868 1117 960 1167 131rl
972 1136 1019 1176 au.

97 1194 304 1248 Thessalonica
322 1193 431 1261 ludaei,
457 1194 525 1264 quia
544 1198 573 1249 et
592 1194 718 1249 Beroeae
736 1193 847 1264 praedi·

97 1279 194 1329 catum
219 1278 265 1328 est
284 1291 302 1328 a
319 1274 408 1329 Paulo
429 1275 546 1329 verbum
565 1275 634 1342 Dei,
659 1279 799 1329 venerunt
818 1278 848 1329 et

96 1355 162 1409 illuc
177 1359 400 1422 commoventes,
417 1358 446 1410 et
460 1356 612 1410 turbantes
626 1355 847 1411 multitudinem.

96 1435 261 1505 Statimque
291 1439 361 1490 tunc
388 1436 508 1490 Paulum
537 1436 707 1491 dimiserunt
734 1436 847 1503 fratres,
867 1438 902 1490 14
912 1458 958 1499 rm.

96 1519 127 1570 ut
159 1516 216 1570 iret
248 1532 339 1585 usque
372 1516 409 1571 ad
440 1533 535 1571 mare:
570 1517 645 1571 Silas
674 1521 786 1584 autem,
818 1521 848 1571 et

97 1596 265 1651 Timotheus
291 1600 489 1651 remanserunt
513 1596 562 1651 ibi.
600 1596 655 1666 Qui
679 1600 775 1651 autem
800 1596 847 1650 de·
868 1597 901 1649 15

96 1676 243 1731 ducebant
271 1676 406 1743 Paulum,
438 1677 634 1745 perduxerunt
664 1693 729 1730 eum
756 1692 847 1746 usque

97 1758 236 1823 Athenas
255 1760 284 1810 et
304 1760 422 1825 accepto
441 1757 579 1811 mandato
597 1757 633 1811 ab
649 1773 682 1811 eo
698 1756 735 1811 ad
749 1756 847 1823 Silam,

98 1842 126 1891 et
144 1836 327 1891 Timotheum
350 1841 383 1891 ut
407 1838 493 1906 quam
512 1838 643 1891 celeriter
660 1837 792 1891 venirent
810 1837 847 1890 ad

100 1917 184 1984 illum,
202 1917 327 1986 profecti
346 1922 421 1971 sunt.

166 1996 276 2051 Paulus
292 2001 388 2051 autem
403 2013 467 2050 cum
478 1996 598 2050 Athenis
610 2012 660 2051 eos
672 1999 847 2066 expectaret,
868 1999 900 2052 16
962 2064 965 2071 .

102 2075 274 2131 incitabatur
291 2076 410 2146 spiritus
429 2076 491 2131 eius
510 2076 626 2145 inipso,
645 2076 746 2131 videns
760 2076 847 2131 idolo·

99 2156 197 2211 latriae
224 2156 351 2211 deditam
372 2157 527 2211 civitatem.
565 2156 742 2225 Disputabat
759 2156 848 2225 igitur
867 2160 900 2211 17
972 2208 976 2221 ,

98 2236 125 2290 in
151 2252 303 2307 synagoga
327 2253 391 2291 cum
410 2236 538 2305 IudaeiS,
563 2239 593 2289 et
617 2236 791 2303 colentibuS,
817 2242 847 2290 et

96 2317 124 2371 in
144 2318 221 2385 foro,
240 2334 292 2387 per
311 2334 409 2371 omnes
429 2316 490 2371 dies
510 2316 546 2370 ad
566 2333 631 2383 eoS,
650 2317 699 2385 qui
718 2316 845 2371 aderant.

96 2396 221 2466 Quidam
240 2401 337 2451 autem
356 2396 502 2466 Epicurei,
528 2400 557 2450 et
577 2396 666 2450 Stoici
685 2396 845 2465 philosophi
867 2401 918 2451 181
932 2417 950 2449 n
962 2418 1009 2458 co.

95 2590 311 2597 ..ψὴ

150 2726 164 2761 9
178 2720 279 2773 accepto
295 2718 356 2763 satis
372 2718 404 2761 ab

152 2798 178 2833 ro
192 2790 351 2835 advenissent

151 2868 177 2905 12
191 2866 214 2913 >
231 2861 315 2917 gentil.
331 2861 388 2905 mul.

152 2938 178 2976 15
193 2954 216 2967 -
231 2944 286 2978 eum
310 2936 314 2986 1
341 2933 386 2979 titt
400 2932 482 2987 Sylam

153 3012 178 3048 16
192 3006 322 3049 idolatriae

459 3201 500 3247 353
