2275 3434
300 161 421 218 AGTVS
445 161 726 218 APOSTOLORVM.
764 161 915 230 1,19-2,2.

119 322 241 392 crepuitv
252 322 378 377 medius:
399 327 428 379 et
447 324 552 381 diffusa
566 326 635 379 sunt
648 323 745 379 omnia
758 323 871 378 viscera

118 404 193 457 eius,
222 403 259 459 Et
277 408 378 459 nolum
396 403 505 460 factum
524 409 572 460 est
587 404 720 459 omnibus
738 402 870 457 habitan·
891 404 924 454 19

116 484 201 539 tibus
219 484 389 551 Ierusalem,
408 485 449 540 ita
467 489 500 540 ut
519 485 711 553 appellaretur
729 499 799 553 ager
815 483 870 549 ille,

116 563 220 633 lingue
239 580 345 631 eorum,
364 564 548 632 Haceldame,
572 564 626 620 hoc
645 566 699 631 est,
718 579 788 633 ager
806 579 871 617 san·

116 644 225 713 guinis„
250 644 394 714 Scriptum
409 647 455 699 est
468 645 544 701 enim
557 646 588 699 in
596 644 669 699 libro
678 644 869 699 Psalmomm:
889 646 925 696 20
935 662 960 696 r.
969 664 1033 705 opu

193 743 259 799 Fiat
278 744 463 800 commoratio
483 760 581 799 eorum
600 743 724 811 deserta,
959 709 1016 750 m

230 829 259 879 et
277 842 334 879 non
354 825 391 879 sit
410 825 458 894 qui
476 824 619 880 inhabitet
637 824 666 878 in
686 841 734 878 ea:

118 902 151 1036 et
195 968 393 1037 episcopatum
412 968 473 1022 eius
493 967 617 1037 accipiat
636 968 716 1022 alter.

119 1066 245 1135 Oportet
265 1082 333 1134 ergo
353 1082 388 1121 ex
406 1066 451 1120 his
470 1066 547 1134 viria,
569 1066 618 1135 qui
637 1066 786 1121 nobiscum
804 1068 872 1119 sunt
890 1068 923 1119 21
935 1082 948 1116 J
960 1083 1018 1124 mar.

120 1146 290 1217 congregati
313 1145 342 1200 in
365 1147 604 1216 omnitempore,
630 1162 687 1215 quo
705 1145 824 1200 intravit
842 1149 871 1199 et

120 1227 212 1283 exivit
236 1227 312 1282 inter
336 1242 389 1281 nos
408 1227 547 1281 Dominus
566 1227 662 1294 leena,
690 1226 829 1296 incipiens
855 1229 926 1280 2122

119 1306 299 1378 baptismate
317 1306 431 1362 loannis
457 1323 548 1377 usque
574 1307 604 1361 in
630 1306 720 1374 diem,
745 1323 803 1376 qua
827 1322 872 1361 as·

121 1393 257 1458 sumptus
285 1389 331 1443 est
356 1404 374 1441 a
399 1387 497 1455 nobie,
525 1391 630 1443 testem
655 1387 872 1441 resurrectionis

122 1468 184 1523 eiua
209 1468 361 1523 nobiscum
385 1467 446 1523 fieri
470 1484 557 1521 unum
577 1484 613 1523 ex
631 1468 703 1523 istie.
759 1467 796 1521 Et
814 1470 872 1521 sta·
891 1470 926 1520 23

122 1552 242 1605 luerunt
258 1547 338 1617 duco,
356 1548 467 1618 loseph,
484 1548 531 1617 qui
546 1547 705 1603 vocabatur
718 1547 872 1613 BarsabaS,

123 1630 171 1699 qui
191 1628 410 1698 cognominatus
429 1631 474 1683 est
490 1628 601 1684 Iustus:
621 1630 651 1683 et
664 1628 808 1683 Mathiam.
836 1627 873 1682 Et
892 1629 1095 1688 muraenam

123 1712 240 1765 orantes
258 1707 402 1763 dixerunt:
421 1708 465 1763 Tu
479 1708 609 1775 Domine,
628 1708 678 1778 qui
696 1707 783 1763 corda
796 1708 872 1763 nosti
938 1692 984 1732 Μ·

124 1789 265 1857 omnium,
291 1789 425 1856 ostende,
444 1805 529 1857 quem
548 1788 668 1859 elegeris
687 1805 723 1843 ex
740 1789 786 1843 his
804 1787 873 1842 duo·

123 1870 179 1925 bus
198 1885 287 1923 unum
299 1870 304 1909 ¹
316 1868 446 1938 accipere
461 1869 554 1923 locum
568 1868 718 1923 ministerii
732 1868 825 1935 huius,
844 1872 874 1922 et
892 1870 927 1920 25

125 1949 323 2020 apostolatum
347 1948 383 2003 de
407 1966 464 2018 quo
489 1949 705 2018 praevaricatus
724 1952 770 2003 est
788 1947 873 2002 Iudas

123 2034 158 2083 ut
176 2030 270 2085 abiret
289 2030 318 2083 in
336 2030 429 2085 locum
448 2046 539 2084 suum.
567 2028 605 2083 Et
623 2027 763 2082 dederunt
780 2031 873 2082 sortes
892 2030 926 2080 26
938 2048 975 2081 ra
988 2046 1045 2089 rua.

125 2110 183 2178 eie,
209 2113 240 2164 et
265 2108 368 2165 cecidit
393 2126 456 2165 sors
482 2125 569 2178 super
592 2107 744 2174 Mathiam,
770 2113 799 2162 et
825 2124 874 2160 an-
966 2133 970 2184 3

124 2191 293 2245 numeratus
312 2193 357 2245 est
376 2206 441 2245 cum
459 2188 592 2244 undecim
610 2187 764 2258 Apostolia

99 2346 115 2391 3
185 2342 222 2397 Et
230 2358 295 2396 cum
303 2341 512 2411 complerentur
520 2339 784 2406 diesPeutecosteS,
792 2329 914 2400 erant2
938 2322 1076 2410 ffl'ffi'l

126 2438 226 2477 omnes
241 2420 350 2492 pariter
362 2420 392 2475 iu
407 2419 507 2476 eodem
521 2420 596 2477 loco:
618 2423 648 2475 et
663 2420 758 2474 faetus
773 2422 818 2473 est
832 2434 875 2474 re·
893 2422 910 2471 2
937 2439 985 2480 uu.

125 2507 213 2573 pente
237 2501 272 2557 de
296 2502 375 2557 eaelo
398 2517 500 2568 conoe,
522 2504 671 2570 tamquam
695 2499 874 2555 advenientis

126 2582 246 2653 spiritus
263 2580 449 2648 vehementia,
469 2584 498 2636 et
516 2580 636 2650 replevit
653 2583 745 2635 totam
760 2580 874 2635 domum

180 2767 207 2804 19
221 2760 242 2815 ξ
256 2759 421 2805 Racheldama
440 2758 475 2813 U
490 2756 662 2803 acheldemach

180 2823 316 2867 cohabitet
341 2826 346 2876 ι
370 2821 433 2866 alias

181 2891 206 2928 21
222 2888 245 2937 >
260 2896 377 2939 congreg.
393 2885 451 2929 suut

181 2954 207 2993 23
221 2948 360 2994 barsabbaa
385 2948 390 3000 Ι
414 2945 543 2991 matthiam

182 3016 248 3056 mo
262 3011 284 3066 ξ
298 3008 401 3065 duobus,
416 3019 489 3063 unum
504 3019 554 3053 acc.

183 3079 209 3117 2⁶
222 3072 350 3118 matthiam

184 3135 222 3191 2‚1
237 3136 259 3191 ξ
272 3134 304 3179 m
318 3134 374 3178 dum

490 3210 531 3253 ma
