2275 3434
273 169 392 226 ACTVS
411 170 694 226 APOSTOLORVM.
725 171 913 240 26‚26-27,3.

107 330 161 386 sed
177 331 317 398 veritatiS,
337 335 366 386 et
380 332 546 387 sobrietatis
560 333 649 387 verba
663 334 770 403 loquor.
799 332 860 387 Scit
878 336 937 386 aas
948 354 1005 395 nso.

108 412 184 465 enim
204 410 242 465 de
261 411 305 465 his
324 427 388 478 rex,
413 412 449 466 ad
473 429 558 482 quem
581 418 610 468 et
637 417 804 468 constanter
820 414 860 467 lo·

108 508 194 561 quor:
221 492 310 546 latere
334 492 409 547 enim
433 508 498 547 enm
520 492 591 546 nihil
610 493 710 547 horum
730 493 859 548 arbitror.

108 572 210 641 Neque
220 572 296 626 enim
306 571 335 626 in
350 573 454 642 angulo
465 572 622 650 quidquam
636 573 736 627 horum
745 577 859 642 gestum

108 656 162 707 est.
180 652 184 690 ¹
197 651 298 705 Credis
312 668 363 706 rex
377 652 506 721 Agrippa
520 653 689 722 prophetis?
712 653 778 707 Scio
792 654 860 723 quia
878 658 913 708 27

109 731 212 786 credie.
241 732 369 801 Agrippa
383 737 479 788 autem
495 731 532 786 ad
546 733 680 787 Paulum:
699 734 730 788 ln
747 733 860 788 modico
878 738 913 787 28
925 755 981 795 uso.
994 755 1081 794 retro.

109 812 217 866 suades
232 827 278 866 me
293 812 487 868 Christianum
501 813 571 868 fieri.
597 814 634 868 Et
648 814 767 868 Paulus:
783 814 859 883 Opto
878 818 913 868 ‘29

109 891 188 961 apud
208 892 315 960 Deum,
335 897 363 947 et
382 894 411 947 in
430 892 556 961 modico,
576 898 605 948 et
624 893 652 947 in
671 910 784 963 magno,
803 911 859 949 non

109 977 225 1026 tantum
251 976 296 1039 te,
322 972 374 1027 sed
400 974 486 1028 etiam
512 990 627 1040 omneS,
654 974 702 1043 qui
731 974 860 1041 audiunt,

111 1052 194 1107 hodie
215 1052 276 1107 lieri
295 1054 381 1120 tales,
402 1054 494 1123 qualis
514 1058 543 1109 et
562 1070 615 1123 ego
634 1070 712 1121 sum,
731 1055 860 1123 exceptis

112 1133 233 1187 vinculis
252 1133 305 1187 his.
377 1133 415 1188 Et
433 1134 578 1189 exurrexit
596 1150 659 1201 rex,
686 1139 715 1189 et
733 1151 860 1203 praesse,
879 1138 914 1188 30

110 1217 139 1268 et
164 1213 298 1280 Bernice,
326 1217 355 1268 et
381 1214 429 1283 qui
454 1213 623 1269 assidebant
649 1215 698 1268 eis.
736 1215 772 1269 Et
795 1232 859 1269 cum
879 1218 911 1268 31

109 1294 311 1360 secessissent,
325 1294 516 1363 loquebantur
526 1294 564 1348 ad
573 1294 704 1362 invicem,
718 1295 858 1350 dicentes:

110 1374 185 1443 Quia
210 1374 281 1427 nibil
304 1377 409 1442 morte,
433 1379 484 1429 aut
506 1375 627 1429 vinculis
652 1375 769 1445 dignum
791 1376 861 1445 quid

109 1454 181 1507 iecit
200 1454 285 1509 homo
304 1453 367 1509 iste.
404 1455 532 1525 Agrippa
551 1460 647 1510 autem
667 1456 753 1510 Festo
773 1456 858 1511 dixit:
879 1458 982 1519 32mn.

109 1533 226 1588 Dimitti
244 1537 359 1603 poterat
378 1534 462 1590 homo
481 1535 540 1603 hic,
564 1536 589 1589 si
609 1553 665 1590 non
684 1536 860 1605 appellasset

111 1614 277 1668 Gaesarem.
721 1612 724 1617 ’

70 1785 110 1829 itti
184 1774 224 1831 Ut
251 1778 347 1829 autem
374 1776 529 1831 iudicatum
559 1781 605 1833 est
631 1777 769 1846 navigare
796 1793 860 1831 eum
871 1768 981 1839 27m12.

110 1855 138 1909 in
171 1856 299 1922 ltaliam,
327 1860 356 1911 et
388 1856 463 1911 tradi
494 1856 616 1911 Paulum
648 1874 712 1911 cum
744 1857 860 1925 reliquis

113 1934 251 1990 custodiis
291 1936 449 1991 centurioni
481 1937 596 1990 nomine
627 1937 696 1992 lulio
735 1938 860 1991 cohortis

80 2024 107 2068 72
117 2015 273 2085 Augustae,
300 2016 489 2070 ascendentes
514 2033 617 2071 navem
635 2018 895 2083 Adrumetinam,tl
925 2041 985 2081 aaa
998 2040 1060 2084 aon„

117 2094 282 2164 incipientes
300 2096 437 2164 navigare
462 2096 537 2149 circa
555 2097 642 2151 Asiae
666 2099 742 2165 loca,
766 2103 860 2151 sustu-

114 2174 209 2242 limus,
228 2180 433 2244 perseverante
452 2176 600 2230 nobisoum
619 2178 784 2232 Aristarcho
803 2178 860 2231 Ma-

112 2254 221 2314 cedone
239 2256 496 2311 Thessalonicensi.
535 2255 673 2325 Sequenti
697 2263 793 2312 autem
815 2258 896 2311 dieti
923 2281 986 2320 oasa
999 2281 1076 2320 rama

113 2334 279 2390 devenimus
308 2336 451 2391 Sidonem.
496 2336 627 2389 Humane
659 2343 753 2391 autem
786 2344 860 2392 trae-
923 2326 953 2358 ⁴³·

112 2418 176 2469 tans
214 2416 302 2470 lulius
339 2417 475 2484 Paulum,
512 2416 643 2485 pennisit
680 2417 716 2470 ad
753 2420 860 2471 anticos

165 2728 191 2764 25
206 2721 305 2775 eloquor

165 2810 191 2845 29
205 2802 279 2845 etiam
293 2807 302 2852 ]
317 2804 342 2845 et
367 2803 371 2855 l
397 2812 481 2845 omnes
495 2802 540 2845 hos

167 2883 222 2937 27,1
238 2888 261 2935 >
277 2894 331 2926 eum
344 2882 429 2937 navig.

166 2964 291 3007 aaseend.
308 2965 388 3007 autam
418 2964 422 3017 Ι
451 2964 644 3007 hadrumetinam
673 2964 677 3018 Ι
703 2963 860 3018 incipientem

125 3036 129 3087 1
152 3034 362 3079 thessaloriioenee
