2275 3434
233 140 384 211 aaa-49.
449 139 649 199 SECVNDVM
675 141 850 198 IOANNEM.

272 303 397 372 'gaudet
433 307 551 373 propter
586 321 686 359 vocem
718 304 825 373 sponsi.
876 302 938 357 Hoc
972 318 1051 371 ergo

122 382 177 436 ism
188 403 224 445 aa
235 387 271 439 30
289 382 425 452 gaudium
447 400 543 438 meum
565 384 715 453 impletum
734 389 787 439 est.
824 384 906 437 Illum
925 386 1049 451 oportet

176 484 223 524 aa.
235 466 267 518 31
289 478 430 530 crescere,
455 480 500 517 me
527 468 623 518 autem
642 464 739 519 minui.
812 463 868 534 Qui
887 462 1050 517 desursum

287 544 375 611 venit,
394 559 482 612 super
499 559 598 598 omnes
617 547 671 598 est.
705 544 759 614 Qui
777 547 824 599 est
843 543 879 597 de
897 547 990 610 terra,
1014 542 1049 595 de

236 633 241 653 *h
287 626 365 678 terra
383 626 437 690 est,
458 626 488 679 et
507 623 542 678 de
560 628 639 678 terra
657 623 790 694 loquitur.
828 622 883 693 Qui
903 622 939 677 de
956 623 1048 677 caelo

194 725 222 757 11.
233 707 268 759 32
287 703 381 771 venit,
407 720 493 773 super
518 721 617 759 omnes
643 708 696 759 est.
733 704 771 758 Et
795 703 872 773 quod
893 702 988 771 vidit,
1016 708 1047 757 et

287 784 411 851 audivit,
439 785 494 839 hoc
521 787 663 839 testatur:
693 788 722 839 et
748 783 947 839 testimonium
977 783 1047 838 eius

231 868 266 919 33
285 881 368 919 nemo
394 865 506 934 accipit
544 864 599 934 Qui
619 865 731 934 aceepit
749 865 811 919 eius
830 863 1047 931 testimonium,

143 965 220 1006 amm.
231 948 267 999 34
285 945 411 1013 signavit
439 945 507 1014 quia
531 942 612 999 Deus
638 961 727 999 verax
752 949 805 999 eat.
843 944 937 1013 Quem
962 945 1047 998 enim

284 1026 364 1079 misit
382 1025 470 1092 Deus,
488 1025 579 1079 verba
597 1025 650 1079 Dei
668 1025 807 1094 loquitur:
826 1041 884 1079 non
904 1025 981 1079 enim
1003 1024 1073 1107 ad³³

105 1099 265 1184 ⁶²ffi³1}{53335
284 1121 448 1159 mensuram
475 1104 525 1159 dat
548 1105 627 1159 Deus
652 1105 793 1174 spiritum.
829 1105 919 1159 Pater
945 1102 1071 1174 diligite

116 1205 219 1246 meai.
230 1188 265 1238 36
285 1184 401 1239 Filium:
429 1188 458 1239 et
484 1184 580 1239 omnia
605 1184 684 1239 dedit
708 1185 738 1240 in
761 1202 848 1239 manu
871 1185 944 1239 eius.
982 1181 1069 1259 Qui}

127 1248 219 1292 ’Μ’
285 1264 375 1343 eredit
394 1264 423 1318 in
442 1265 559 1332 Filium,
582 1265 670 1319 habet
688 1265 778 1320 vitam
798 1268 962 1319 aeternam:
989 1265 1043 1335 qui

132 1360 135 1364 ’
208 1380 210 1384 ,
234 1352 239 1387 '-
285 1348 381 1399 autem
399 1341 562 1404 ineredulus
582 1350 627 1400 est
642 1345 721 1412 Filio,
740 1362 797 1400 non
811 1344 924 1400 videbit
935 1345 1042 1413 vitam,

284 1423 336 1479 sed
354 1426 397 1479 ira
415 1426 468 1479 Dei
488 1429 586 1480 manet
603 1442 691 1495 super
709 1441 782 1479 eum.
833 1470 836 1473 .

141 1526 219 1566 maia
237 1496 265 1567 ’4
355 1506 393 1561 Ut
421 1522 489 1575 ergo
518 1506 652 1575 cognovit
677 1506 757 1559 Iesus
785 1506 854 1574 quia
880 1505 1036 1561 audierunt

283 1585 431 1640 Pharisaei
458 1584 534 1655 qudd
553 1586 634 1640 Iesus
656 1587 753 1654 plures
778 1584 936 1654 discipulos
957 1586 1030 1650 facit,

120 1685 159 1717 ιι(
171 1685 217 1726 aa.
246 1669 263 1720 2
283 1669 312 1721 et
330 1666 470 1735 baptizat,
490 1668 576 1735 quam
592 1666 713 1720 loannes
730 1667 936 1735 ¹(quamquam
956 1667 1053 1747 lesus„
1126 1629 1128 1690 ¹

137 1780 140 1785 ,
166 1762 168 1767 ·
247 1750 339 1801 3n0n
354 1742 541 1815 ¹baptizaret,
569 1746 621 1800 sed
648 1745 780 1815 discipuli
805 1746 879 1812 eius)
896 1747 901 1786 ¹
918 1744 1052 1814 reliquit?

143 1846 158 1877 ι
169 1847 217 1886 aar.
246 1830 264 1880 4
282 1825 425 1906 Iudaeam,
440 1831 469 1881 et
484 1826 555 1880 abiit
568 1826 672 1880 iterum
685 1826 714 1879 in
728 1826 894 1881 Galilaeam.
920 1819 1056 1900 operte-³}¹

114 1923 145 1957 a„
157 1926 217 1967 aar.
246 1910 263 1961 5
281 1906 332 1960 bat
351 1909 448 1960 autem
467 1923 532 1961 eum
546 1907 669 1960 transire
683 1922 736 1974 per
749 1905 918 1960 Samariam.
948 1904 1033 1961 Venit

111 1969 147 2003 ³⁰⁵
158 1972 217 2013 '⁴¹⁸²’
281 2003 349 2056 ergo
358 1987 387 2041 in
398 1987 544 2041 civitatem
553 1986 710 2052 Samariae,
720 2002 794 2055 quae
805 1985 910 2040 dicitur
917 1986 1034 2041 Sichffl

280 2065 361 2121 iuxta
379 2065 536 2135 praedium,
556 2066 633 2135 quod
652 2063 731 2120 dedit
750 2066 834 2120 iacob
850 2066 956 2135 Ioseph
975 2067 1036 2121 filio

158 2167 215 2208 aaa.
245 2151 261 2201 6
281 2164 341 2201 suo.
358 2148 362 2186 ¹
378 2145 447 2202 Erat
472 2149 569 2200 autem
588 2146 628 2200 ibi
647 2146 712 2200 t'ons
731 2146 825 2201 Iacob.
861 2146 943 2200 Iesus
963 2162 1037 2215 ergo

281 2226 421 2295 fatigatus
436 2243 472 2280 ex
486 2225 596 2293 itinere,
616 2225 737 2280 sedebat
751 2226 793 2280 sie
807 2242 897 2294 supra
910 2225 1035 2281 fontem.

244 2310 260 2361 7
280 2307 357 2361 Hora
376 2310 438 2360 erat
461 2306 543 2375 quasi
563 2310 655 2360 sexta.
677 2307 683 2345 ¹
700 2306 784 2360 Venit
802 2306 905 2359 mulier
923 2304 959 2359 de
980 2305 1037 2360 Sa-

279 2386 370 2440 maria
396 2386 510 2441 haurire
538 2402 651 2455 aquam.
695 2385 774 2440 Dicit
802 2385 829 2440 ei
857 2386 952 2440 Iesus:
988 2386 1036 2440 Da

243 2466 347 2520 8mihi
374 2466 480 2520 bibere.
524 2466 675 2534 (Discipuli
703 2466 778 2519 enim
806 2466 869 2519 eius
897 2466 1034 2522 abierant
1124 2511 1126 2514 .

140 2566 214 2609 ram.
243 2550 260 2599 9
279 2546 308 2599 in
327 2545 473 2600 civitatem
492 2548 525 2600 ut
536 2544 623 2599 eibos
643 2548 790 2612 emerent.)
819 2545 896 2600 Dicit
914 2561 986 2615 ergo
1006 2548 1032 2602 ei

286 2806 289 2817 '
330 2828 443 2877 31supra
456 2828 489 2866 aa

330 2900 357 2936 33
372 2893 394 2948 ᾖ
409 2894 449 2947 qui
463 2895 545 2938 autem
570 2896 574 2946 Ι
600 2893 690 2949 accipit
773 2928 777 2935 .

332 2966 370 3018 ⁴‚1
386 2966 471 3018 quod]
487 2966 544 3019 quia

331 3036 438 3090 egpar
451 3037 555 3083 mediam

330 3112 430 3159 asuper
454 3108 457 3160 Ι
483 3106 581 3161 μονα
595 3110 677 3152 autam

621 3188 663 3233 238
