2275 3434
241 148 383 215 lits-14.
446 148 567 203 ACTVS
589 146 871 203 APOSTOLORVM.

296 326 380 363 omne
402 310 573 376 sabbatum,
597 310 784 379 interponens
805 325 910 363 nomen
925 306 1041 361 Domini

144 409 232 449 muna
259 392 277 442 5
297 390 369 456 lesu,
387 389 586 459 suadebatque
603 390 726 456 ludaeis,
744 394 775 443 et
788 388 917 443 Graecis.
972 387 1043 441 Cum

296 472 443 524 venissent
469 476 566 525 autem
592 470 628 525 de
652 469 819 524 Macedonia
843 468 920 523 Silas
946 472 978 522 et
1000 467 1043 521 Ti·

295 550 443 615 motheus,
469 551 599 605 instabat
623 550 711 604 verbo
735 550 858 615 Paulus,
882 549 1043 602 testificans

74 650 161 687 omer.
172 650 231 689 aas
260 636 276 685 6
295 630 408 684 Iudaeis
419 644 483 685 esse
494 630 640 685 Christum
649 630 752 685 lesum.
772 628 1043 684 Contradicentibus

295 716 392 765 autern
401 712 452 777 eis,
468 716 497 765 et
506 711 783 780 blasphemantibus,
798 709 948 763 excutiens
958 708 1043 763 vesti·

295 795 392 845 menta
406 808 468 857 sua,
487 790 559 845 dixit
574 790 612 845 ad
626 808 688 845 eos:
708 790 832 859 Sanguis
846 792 946 843 vester
959 805 1044 857 snper

295 876 383 940 caput
396 876 536 925 vestrum:
551 870 675 925 mundus
689 887 751 939 ego,
765 888 802 925 ex
814 870 869 924 hoc
884 868 922 922 ad
936 868 1044 923 Gentes

259 957 275 1007 7
294 950 407 1005 vadam.
443 952 479 1005 Et
498 952 627 1021 migrans
644 950 725 1017 inde,
743 950 862 1004 intravit
879 949 909 1002 in
929 948 1045 1003 domum

295 1030 459 1099 cuiusdam,
484 1032 598 1087 nomine
616 1031 674 1085 Titi
693 1031 778 1097 lusti,
802 1030 923 1085 colentis
942 1030 1044 1094 Deum,

133 1130 140 1161 ι
154 1130 171 1162 x
184 1132 231 1171 un.
259 1117 276 1166 8
295 1111 376 1165 cuius
387 1111 488 1166 domus
499 1116 561 1166 erat
571 1112 725 1166 coniuncta
734 1126 907 1180 synagogae.
924 1108 1045 1178 Crispus

295 1195 392 1246 autem
418 1192 663 1261 archisynagogus
690 1190 811 1245 credidit
832 1189 956 1244 Domino
980 1206 1044 1243 cum

295 1272 372 1326 omni
386 1271 470 1327 domo
484 1290 550 1327 sua:
565 1278 596 1327 et
609 1272 689 1327 multi
701 1271 912 1327 Corinthiorum
927 1269 1046 1324 audien-

144 1370 183 1402 Η(
194 1372 230 1412 ’,ι
259 1360 275 1409 9
295 1355 340 1408 tes
355 1352 518 1419 credebant,
533 1358 562 1407 et
576 1353 809 1422 baptizabantur.
850 1350 932 1404 Dixit
947 1353 1044 1404 autem

295 1432 434 1487 Dominus
459 1437 543 1488 nocte
569 1450 621 1502 per
639 1432 778 1487 visionem
795 1431 900 1486 Paulo:
925 1430 992 1485 Noli
1012 1430 1045 1483 ti-

129 1494 172 1572 ³52¹
176 1496 231 1580 1333:
242 1519 277 1573 10
295 1530 387 1580 mere,
415 1513 467 1568 sed
494 1514 627 1583 loquere,
655 1517 684 1568 et
711 1528 747 1566 ne
775 1517 889 1566 taceas:
926 1514 1046 1579 propter
1125 1547 1127 1582 ÷

79 1584 232 1669 ¹⁸⁴¹'¹⁰J³,⁴{323
295 1593 372 1663 quod
398 1610 452 1663 ego
480 1610 544 1647 sum
571 1598 681 1647 tecum:
714 1595 744 1647 et
770 1609 854 1646 nemo
882 1594 1044 1660 apponetur

79 1673 230 1759 maflffiffgj
294 1674 347 1728 tibi
372 1676 404 1728 ut
423 1677 526 1728 noceat
544 1677 588 1727 te:
615 1672 751 1742 quoniam
769 1673 891 1741 populus
910 1676 957 1725 est
975 1670 1043 1725 mibi
1125 1725 1127 1728 .

242 1760 274 1812 11
295 1755 401 1810 multus
427 1755 456 1808 in
482 1754 537 1808 hac
556 1754 683 1808 civitate.
720 1752 802 1807 Sedit
820 1756 917 1806 autem
936 1752 978 1805 ibi
997 1769 1042 1805 an-

295 1852 362 1889 num
381 1838 411 1889 et
429 1851 480 1889 sex
499 1851 623 1900 menses
642 1833 748 1887 docens
768 1833 845 1902 apud
860 1849 910 1886 eos
925 1833 1037 1887 verbum
1125 1901 1127 1904 Ι

242 1922 276 1973 12
295 1916 356 1969 Dei.
438 1915 567 1969 Gallione
593 1918 689 1969 autem
714 1914 883 1984 proconsule
907 1911 1073 1977 Achaicam
1125 1915 1127 1978 T

294 1994 509 2050 insurrexerunt
535 2012 591 2049 uno
618 1995 712 2049 animo
736 1994 832 2049 ludaei
857 1993 886 2045 in
911 1992 1088 2057 Paulumda
1125 1999 1127 2032 ι

242 2083 275 2133 13
295 2080 324 2130 et
352 2075 532 2130 adduxerunt
559 2092 624 2129 eum
653 2074 690 2129 ad
717 2074 857 2139 tribunal,
877 2071 1042 2126 'dicentesz
1125 2053 1127 2122 ἶ

294 2156 368 2225 Quia
403 2158 503 2210 contra
535 2157 628 2225 legem
660 2156 707 2209 hic
737 2152 893 2224 persuadet
925 2152 1044 2206 homini·
1125 2159 1127 2220 ᾗ

130 2260 229 2301 mre-m
241 2242 275 2293 14
293 2237 348 2290 bus
381 2237 473 2291 colere
501 2237 603 2291 Deum.
646 2235 802 2305 Incipiente
830 2237 927 2288 autem
954 2233 1044 2287 Paulo
1125 2247 1127 2334 p

295 2316 405 2385 aperire
442 2334 490 2385 oa,
527 2316 601 2372 dixit
638 2315 728 2371 Gallio
766 2314 803 2371 ad
835 2312 976 2370 Iudaeos:
1014 2312 1044 2367 Si

297 2554 510 2561 --.-—----......-
