2275 3434
259 130 418 193 edel-35.
495 133 695 190 SECVNDVM
721 135 852 192 LVCAM.

312 298 415 349 rantes
442 297 581 350 miserunt
607 295 805 365 insidiatoreS‚
833 299 882 368 qui
910 317 942 354 se
967 299 1065 354 iustos

190 394 248 435 nst,
312 376 494 442 simularent,
519 381 552 432 ut
572 382 707 446 caperent
726 395 791 432 eum
810 379 839 433 in
858 395 1003 448 sermone,
1031 389 1065 434 ut

312 455 459 510 traderent
477 456 556 510 illum
574 458 755 527 principatui,
774 463 804 513 et
822 460 961 527 potestati
978 477 1065 529 prae-

258 537 291 589 21
312 535 395 589 εἱάἰε.“
426 535 462 589 Et
480 535 729 605 interrogaverunt
748 555 821 606 eum,
841 538 984 594 dicentes:
1003 541 1066 594 Ma-

311 615 416 684 gister,
440 615 547 669 scimus
565 617 634 684 quia
652 621 729 672 recte
749 618 836 685 dicis,
855 622 884 673 et
903 619 1006 674 doces:
1036 626 1063 673 et

311 713 368 750 non
387 695 494 764 accipis
513 691 679 766 personam,
703 698 754 753 sed
773 699 849 754 viam
868 699 921 754 Dei
941 701 970 754 in
990 702 1063 754 veri·

258 780 292 830 22
311 780 373 831 tate
387 776 487 830 doces:
499 800 503 809 ·
517 777 584 832 licet
598 778 681 832 nobis
695 779 834 834 tributum
850 779 918 835 dare
933 779 1065 846 Caesari,

257 861 293 910 23
312 873 349 911 an
374 858 451 910 non?
489 856 682 912 Considerans
710 862 805 914 autem
825 859 921 914 dolum
940 860 1066 921 illorum.

257 941 293 992 24
312 936 384 991 dixit
409 937 447 992 ad
473 955 535 992 eos:
561 937 637 1007 Quid
660 955 706 994 me
729 941 871 995 tentetis?
896 939 1066 996 ·Ostendite

311 1017 380 1071 mihi
408 1017 570 1073 denarium:
601 1018 689 1073 Cuius
717 1019 806 1076 hahet
833 1021 1007 1090 imaginem,
1038 1028 1065 1076 et

311 1097 547 1167 inscriptionem?
597 1098 816 1168 Respondentes
853 1099 988 1159 dixerunt
1024 1103 1064 1156 ei:

257 1180 293 1233 25
312 1177 453 1233 Caesaris.
485 1180 522 1233 Et
536 1179 659 1234 aitillis:
678 1179 799 1236 Reddite
817 1198 884 1251 ergo
904 1187 1065 1250 quaesunt

257 1263 292 1313 26
312 1258 454 1326 Caesaris,
469 1259 602 1314 Caesari:
623 1264 651 1314 et
671 1277 745 1330 quae
764 1265 832 1316 sunt
845 1261 907 1327 Dei,
921 1262 994 1320 Deo.
1030 1263 1065 1316 Et

311 1357 368 1394 non
380 1343 535 1408 potuerunt
544 1341 664 1395 verbum
676 1340 738 1396 eius
746 1342 955 1410 reprehendere
966 1359 1066 1398 coram

132 1486 157 1523 w
176 1485 217 1522 4⁰.
312 1421 409 1489 plebe:
436 1424 465 1475 et
483 1421 579 1475 mirati
600 1421 629 1474 in
648 1437 786 1490 responso
806 1422 880 1489 eine,
899 1426 1063 1478 tacuerunt.

88 1534 249 1576 ntegra-sao.
259 1505 292 1556 27
383 1501 575 1556 Accesserunt
585 1506 681 1556 autem
692 1501 807 1570 quidam
819 1501 1062 1566 Sadducaeorum,

89 1579 248 1620 neem-nn.
313 1581 361 1649 qui
380 1585 488 1650 negant
507 1598 571 1636 esse
591 1582 835 1649 resurrectionem,
857 1587 886 1636 et
904 1583 1060 1654 interroga-

156 1676 188 1709 Gn
199 1677 247 1718 aas·
258 1667 293 1717 28
312 1665 415 1716 verunt
425 1678 498 1727 eum,
514 1660 655 1716 dicentes:
666 1662 811 1732 Magister,
821 1663 934 1733 Moyses
945 1665 1060 1734 scripsit

143 1721 170 1754 Β*
182 1723 248 1763 Μ·
312 1742 407 1796 nobis:
423 1741 454 1795 Si
469 1742 558 1796 frater
573 1742 692 1796 alicuius
706 1747 836 1798 mortuus
851 1743 939 1798 fuerit
951 1745 1057 1803 habens

311 1837 437 1888 uxorem,
461 1826 490 1876 et
509 1821 554 1876 hic
574 1822 635 1876 sine
654 1823 751 1877 liberis
771 1823 866 1898 fuerit,
885 1828 918 1878 ut
937 1825 1057 1894 accipiat

299 1917 375 1967 ⁸eam
402 1901 492 1961 frater
516 1902 578 1956 eius
604 1919 736 1969 uxorem,
763 1909 792 1958 et
818 1905 940 1958 suscitet
964 1921 1060 1960 semen

257 1989 292 2039 29
312 1983 393 2036 fratri
421 1999 488 2037 suo:
510 1983 643 2052 'septem
672 2000 739 2053 ergo
768 1984 872 2039 fratres
901 1989 1000 2040 erant:
1035 1991 1062 2039 et

311 2063 420 2132 primus
444 2063 556 2132 accepit
580 2081 713 2130 uxorem,
739 2069 768 2119 et
786 2068 915 2119 mortuus
935 2070 982 2120 est
1000 2067 1062 2120 sine

257 2149 293 2199 30
311 2144 385 2198 filiis.
422 2144 459 2198 Et
477 2160 601 2212 sequens
621 2145 733 2214 accepit
751 2145 837 2212 illam,
859 2148 888 2199 et
907 2145 970 2214 ipse
989 2164 1062 2201 mor-

257 2228 290 2280 31
310 2228 378 2278 tuus
404 2228 450 2278 est
475 2223 537 2279 sine
563 2225 629 2280 filio.
667 2225 704 2278 Et
722 2225 824 2280 tertius
844 2226 957 2294 accepit
976 2227 1062 2282 illam.

312 2305 448 2359 Similiter
466 2309 496 2359 et
511 2321 610 2360 omnes
632 2309 752 2374 septem,
772 2310 801 2360 et
815 2323 872 2360 non
886 2306 1062 2375 reliquerunt

258 2390 292 2440 32
311 2400 424 2451 semen,
452 2390 481 2439 et
506 2385 610 2440 mortui
637 2388 712 2440 sunt.
753 2386 915 2440 Novissime
934 2387 1060 2442 omnium

258 2471 292 2519 33
311 2468 424 2519 mortua
450 2469 495 2520 est
514 2469 543 2519 et
561 2465 670 2520 mulier.
707 2467 737 2520 ln
757 2465 964 2522 resurrectione
985 2484 1060 2538 ergo,

312 2544 392 2598 cuius
406 2561 503 2599 eomm
513 2545 567 2599 erit
577 2547 666 2599 uxor?
682 2547 822 2615 siquidem
833 2549 944 2616 septem
954 2547 1060 2602 habue-

258 2630 292 2680 34
311 2629 377 2679 runt
391 2642 455 2687 eam
469 2642 596 2680 uxorem.
618 2626 655 2680 Et
670 2626 710 2680 eit
724 2626 779 2681 illis
789 2627 881 2681 lesus:
897 2626 960 2680 Filii
976 2628 1061 2683 huius

159 2727 188 2761 m
199 2729 246 2769 an.
258 2710 292 2760 35
311 2707 418 2760 saeculi
437 2706 557 2773 nubunt,
577 2710 607 2760 et
624 2706 777 2761 traduntur
796 2706 833 2762 ad
851 2706 983 2776 nuptias:
1022 2708 1060 2763 illi

310 2802 391 2853 vero,
420 2787 479 2855 qui
494 2785 573 2855 digni
597 2786 780 2842 habebuntur
804 2789 919 2842 saeculo
945 2789 1006 2856 illo,
1033 2793 1061 2842 et

363 2954 390 2990 2ο
403 2947 425 3002 ᾗ
436 2949 533 3000 caperet
544 2949 663 2998 (caccone.)
683 2948 686 3001 Ι
705 2947 888 3002 ut201wet
921 2955 946 2992 21
957 2947 1026 2992 illum
1045 2952 1048 3000 Ι

312 3006 334 3052 >
352 3003 375 3044 in
390 3013 440 3044 ver.
454 3001 519 3044 viam
534 3001 574 3044 dei
619 3007 645 3044 22
661 3007 683 3052 >
700 3001 757 3045 dare
771 3002 829 3045 trib.
844 3012 909 3045 caes.
956 3008 983 3045 24
997 3023 1021 3034 -
1037 3001 1058 3044 ei

310 3062 336 3098 25
352 3060 374 3104 >
390 3054 499 3097 caesaris
518 3056 576 3097 eunt
608 3055 611 3105 Ι
645 3059 667 3104 >
688 3055 727 3098 dei
745 3058 803 3099 sunt
883 3061 910 3098 2⁸
929 3055 983 3098 stne
1001 3055 1057 3098 filiis

309 3117 336 3150 22
350 3107 485 3152 novissimo
552 3113 579 3148 34
595 3111 617 3157 >
634 3119 698 3152 saec.
713 3108 783 3152 huius

653 3187 694 3232 212
