2275 3434
227 131 391 199 :lm-35.
428 130 627 186 SECVNDVM
651 130 889 186 MATTHAEVlll.

174 311 222 354 aar.
232 295 268 346 24
286 289 398 345 David?
431 291 579 346 Pharisaei
595 293 691 345 autem
706 291 864 357 audientes,
883 290 1036 346 dixerunt:
1050 288 1072 368 ¹J¹

285 371 338 424 Hic
365 388 421 425 non
451 371 527 426 eiioit
554 370 708 426 daemones
736 372 790 426 nisi
816 372 845 426 in
870 371 1035 427 Beelzebub

232 457 267 509 25
285 451 412 520 principe
440 449 661 506 daemoniorum.
705 451 785 506 lesus
813 457 909 507 autem
937 453 1035 507 sciens
1048 449 1073 527 ¹J

286 531 474 600 cogitationes
494 548 605 598 eorum,
630 532 701 586 dixit
720 533 777 586 eis:
802 532 893 587 Omne
913 549 1034 601 regnum

286 611 408 666 divisum
431 614 531 666 contra
550 629 595 679 se,
619 612 808 667 desolabitur:
835 617 865 667 et
884 613 975 666 omnis
995 614 1034 666 ei·

285 693 369 759 vitas,
388 692 433 746 vel
453 691 553 747 domus
573 693 665 747 divisa
683 697 782 748 eontra
801 710 841 757 se,
860 709 917 747 non
933 693 1032 747 stabit.

232 779 266 829 26
285 774 322 827 Et
340 773 364 826 si
384 775 502 826 satanas
521 777 653 827 satanam
672 774 763 839 eiicit‚
783 773 921 826 adversus
940 790 972 826 se
992 772 1033 826 di·

286 853 364 907 visus
384 855 443 906 est:
463 853 604 922 quomodo
624 870 692 923 ergo
711 853 800 907 stabit
818 870 937 922 regnum
951 853 1032 906 eius?

146 981 150 989 .
232 939 266 990 27
286 933 322 987 Et
347 932 371 986 si
390 949 443 1001 ego
462 933 490 987 in
510 933 671 988 Beelzebub
691 934 772 988 eiicio
791 933 958 1000 daemoneS,
983 934 1033 987 tilii

286 1013 373 1068 vestri
390 1013 419 1067 in
435 1031 491 1082 quo
507 1014 643 1068 eiieiunt?
670 1013 736 1067 ldeo
751 1013 806 1082 ipsi
820 1012 929 1067 iudices
943 1013 1033 1067 vestri

135 1099 268 1170 'manas
287 1098 377 1148 erunt.
420 1095 450 1150 Si
479 1098 576 1150 autem
604 1110 657 1162 ego
685 1094 713 1147 in
742 1093 844 1162 spiritu
869 1093 923 1147 Dei
951 1093 1033 1147 eiicio

117 1156 163 1189 ¹⁸¹
175 1159 222 1199 '⁸¹⁰'
287 1174 449 1243 daemones,
467 1176 555 1245 igitur
573 1173 703 1243 pervenit
721 1174 750 1228 in
768 1190 821 1227 vos
837 1190 955 1243 regnum
970 1174 1032 1227 Dei.

134 1273 153 1306 n
164 1259 268 1314 mailli
287 1259 337 1309 aut
359 1256 500 1325 quomodo
524 1258 622 1324 potest
640 1254 791 1323 quisquam
810 1253 917 1308 intrare
935 1255 965 1308 in
983 1254 1034 1308 do-

144 1315 223 1359 ¹³⁴’⁴'
286 1352 363 1390 mum
383 1337 479 1402 fortia,
503 1339 531 1389 et
550 1351 622 1388 vasa
640 1335 701 1388 eius
721 1333 855 1403 diripere,
879 1334 933 1388 nisi
952 1335 1033 1403 prius

134 1487 216 1520 Hem
287 1415 444 1485 alligaverit
470 1416 593 1469 fortem?
620 1418 648 1469 et
673 1419 742 1468 tunc
766 1414 880 1468 domum
898 1414 973 1469 illius
992 1415 1034 1469 di·

81 1519 84 1528 *
140 1530 223 1574 ΗΜ,
234 1499 269 1550 30
286 1496 378 1564 ripiel.
416 1495 471 1564 Qui
494 1511 551 1548 non
575 1497 619 1548 est
638 1511 765 1561 mecum,
790 1499 889 1550 eontra
907 1513 952 1548 me
971 1499 1032 1549 est:

68 1591 153 1634 uano
166 1596 223 1636 mn.
233 1579 266 1630 31
286 1579 315 1630 et
334 1576 457 1646 quinon
477 1578 632 1643 congregat
651 1591 771 1640 meeum,
792 1576 910 1643 spargit.
965 1575 1032 1630 ldeo
1045 1571 1071 1640 'J'

132 1637 223 1680 ¹³⁶’¹⁰'
288 1655 350 1710 dieo
375 1655 471 1709 vobis:
498 1655 589 1708 Omne
612 1658 777 1723 peecatum,
803 1660 832 1708 et
854 1655 1033 1724 blasphemia
1053 1644 1061 1650 ’

287 1736 448 1790 remittetur
466 1735 636 1801 hominibus
656 1736 774 1804 spiritus
791 1739 886 1789 autem
901 1736 1033 1804 blaspbe-

138 1821 268 1893 1512‚10·32
287 1817 344 1870 mia
371 1832 428 1870 non
457 1816 625 1870 remittetur.
669 1816 705 1869 Et
731 1816 901 1885 quicumque
929 1815 1033 1871 dixerit

132 1880 223 1921 ”¹³⁰¹
286 1897 405 1950 verbum
425 1899 524 1950 contra
542 1896 630 1949 lilium
649 1896 786 1962 hominis,
812 1896 1031 1950 remitteturei:

287 1977 337 2046 qui
356 1980 453 2031 autem
480 1975 583 2030 dixerit
609 1981 708 2031 eontra
728 1976 865 2044 Spiritum
891 1979 1032 2043 sanetum,

286 2073 342 2110 non
380 2056 541 2111 remittetur
578 2057 604 2110 ei
637 2073 729 2127 neque
761 2057 790 2110 in
822 2057 877 2111 hoc
909 2057 1032 2123 saeculo,

176 2141 268 2198 r‚1r.83
287 2153 378 2206 neque
405 2136 433 2190 in
459 2136 564 2191 futuro.
637 2137 694 2190 Aut
719 2136 805 2190 facite
830 2137 959 2191 arborem
982 2130 1068 2208 bo-JJJ

286 2234 366 2282 nam,
401 2220 429 2270 et
462 2216 586 2272 fructum
619 2217 681 2270 eius
712 2217 832 2271 bonum:
866 2220 916 2271 aut
945 2217 1031 2270 facite

287 2290 416 2350 arborem
448 2299 567 2365 malam,
601 2301 630 2351 et
663 2297 786 2350 fructum
819 2297 880 2350 eius
912 2297 1031 2371 malum:

186 2381 268 2439 anssl
286 2375 427 2444 siquidem
455 2393 490 2430 ex
518 2377 614 2432 fructu
642 2375 727 2430 arbor
752 2376 924 2445 agnoscitur.
965 2377 1032 2430 Pro-

100 2443 223 2528 ⁸‘⁴³³1¹2²5Jssj
286 2456 384 2524 genias
416 2457 592 2526 viperamm‚
630 2455 771 2525 quomodo
803 2457 925 2525 potestis
957 2456 1033 2510 bona

287 2537 378 2605 loqui,
404 2553 468 2591 oum
494 2537 557 2591 sitis
584 2536 670 2589 mali?
697 2553 731 2589 ex
757 2535 933 2590 abundantia
959 2537 1031 2590 enim

149 2640 222 2680 nan.
234 2621 268 2674 35
287 2616 380 2671 cordis
399 2634 431 2671 os
450 2618 583 2686 loquitur.
616 2617 713 2670 Bonus
732 2617 816 2670 homo
834 2616 958 2670 debono
973 2610 1068 2672 the-¹²⁵

288 2714 371 2752 sauro
395 2697 505 2766 profert
525 2697 615 2751 bona:
642 2700 671 2750 et
689 2696 781 2749 malus
800 2696 884 2750 homo
904 2696 939 2750 de
958 2697 1031 2750 malo

339 2890 366 2927 24
379 2883 455 2938 prino.
472 2882 617 2926 daemonum

339 2945 365 2981 25
379 2937 504 2980 desolatur
584 2942 611 2978 2⁶
625 2938 729 2978 satanan

340 2995 403 3045 271>
421 2991 491 3032 erunt
505 2989 582 3033 vestri

339 3053 365 3088 29
380 3042 479 3096 diripiat
610 3093 615 3103 .

339 3105 364 3140 31
379 3097 400 3152 p
415 3099 464 3140 aut.
480 3095 647 3148 blasphemiae

639 3171 668 3214 30
