2275 3434
237 151 361 219 tei-18.
446 151 564 209 ACTVS
588 150 870 207 APOSTOLORVM.

127 332 159 410 ¹¹12
170 333 229 409 mg.
257 315 273 364 9
292 311 329 367 Et
344 329 408 367 eum
423 312 495 367 haee
509 312 639 380 dixisset,
653 312 817 367 videntibus
831 312 895 378 illis,
912 312 1045 367 elevatus

156 419 229 463 ³⁸,oe-
293 396 353 447 est:
380 396 410 447 et
427 393 519 448 nubes
538 392 667 463 suscepit
685 410 750 447 eum
770 393 806 447 ab
825 391 916 448 oeulis
936 408 1044 447 eorum.
1125 404 1127 464 j

154 494 228 535 run.
240 475 275 528 10
294 470 422 542 Cumque
445 473 625 529 intuerentur
644 474 672 527 in
692 473 801 529 eaelum
820 476 937 527 euntem
956 472 1045 539 illurn,
1125 467 1126 522 ξ

293 569 360 607 eece
379 552 435 607 duo
454 553 507 607 viri
527 554 682 609 astiterunt
695 553 776 608 iuxta
789 553 853 608 illos
866 552 896 607 in
911 552 1045 607 vestibus

131 654 159 688 in
170 656 228 696 rou.
240 637 272 688 11
294 633 375 701 albis,
385 634 390 673 ¹
399 633 448 703 qui
463 638 492 688 et
506 633 653 689 dixenmt:
669 633 728 688 Viri
738 633 858 689 Galilaei
872 632 944 702 quid
957 634 1045 688 statis

134 699 229 785 ιῐΐῖᾇζῗῖζ
294 714 466 783 aspicientes
479 716 507 769 in
518 715 645 769 caelum?
661 714 707 769 hio
716 714 804 781 lesus
815 714 863 784 qui
874 718 1045 784 assumptus

150 785 181 832 ΔΡ
193 790 229 830 ¹¹⁷·
294 798 338 849 est
358 812 375 848 a
393 795 475 851 vobis
494 795 522 849 in
540 796 661 863 eaelum,
683 795 726 850 sio
744 794 839 850 veniet
857 793 1046 864 quemadmo-

87 896 228 938 nrsmnm.
241 878 274 929 12
293 874 360 929 dum
379 874 492 930 vidistis
513 891 577 930 eum
597 879 711 930 euntem
730 874 759 930 in
777 876 896 931 eaelum.
963 875 1047 930 'luno

293 955 400 1010 reversi
414 959 482 1010 sunt
494 956 696 1025 lerosolymam
711 972 729 1010 s
742 959 847 1023 monte,
860 955 910 1026 qui
923 961 1047 1012 vocatur

293 1035 406 1103 Oliveti,
421 1036 469 1105 qui
482 1041 527 1092 est
538 1036 620 1091 iuxta
628 1037 791 1104 Ierusalem,
805 1036 923 1091 sabbati
932 1037 1045 1093 habens

113 1137 228 1179 ron-n.
240 1122 273 1172 13
292 1116 355 1171 iter.
380 1116 417 1171 Et
431 1133 496 1171 oum
509 1116 677 1172 introissent
690 1117 719 1171 in
734 1118 929 1184 coenaculum,
940 1134 1046 1172 escen·

294 1196 396 1251 derunt
415 1197 463 1251 uhi
482 1198 638 1253 manebant
657 1197 773 1264 Petrus,
798 1200 828 1252 et
845 1197 984 1266 losnneS,
1002 1198 1045 1253 Is·
1126 1203 1128 1206 '

292 1278 397 1344 cobus,
428 1281 457 1333 et
484 1276 630 1346 Andreas,
658 1278 822 1347 Philippus,
850 1281 880 1333 et
907 1278 1045 1345 Thomas,

293 1357 538 1427 Bartholomaeus,
553 1360 583 1413 et
595 1358 767 1424 Matthaeus,
781 1359 903 1413 lacobus
911 1359 1045 1429 Alphaei,

101 1442 274 1499 s,1.rr‚r.s.14
293 1441 322 1491 et
341 1436 438 1493 Simon
457 1438 585 1507 Zelotes,
605 1442 635 1493 et
653 1438 739 1494 Iudas
757 1439 861 1494 iacobi.
893 1438 924 1494 hi
943 1456 1045 1495 omnes

130 1502 228 1545 '‘md‘'
293 1521 374 1573 erant
406 1519 828 1587 perseverantesrunanimiter
855 1520 884 1574 in
912 1521 1045 1576 oratione

293 1614 357 1651 cum
371 1598 544 1667 mulieribus
562 1601 592 1654 et
606 1599 695 1655 Maria
709 1603 800 1655 matre
814 1600 888 1667 lesu,
903 1603 934 1655 et
949 1600 1045 1656 fratri·

292 1677 346 1733 bus
366 1678 435 1733 eius

240 1842 273 1895 15
364 1840 395 1895 ln
419 1840 519 1895 diebus
541 1842 597 1895 illis
617 1857 758 1911 exurgens
776 1842 879 1896 Petrus
899 1843 929 1897 in
948 1844 1071 1899 medios

293 1920 414 1976 fratrum
447 1920 520 1975 dixit
552 1926 627 1989 (erat
659 1925 755 1977 autem
783 1922 869 1976 turha
895 1922 1045 1981 hominurn

134 2019 159 2053 r·
169 2021 228 2061 mro.
240 2004 273 2056 16
293 2000 385 2069 simul,
396 2001 456 2057 sere
467 2006 582 2056 eentum
592 2001 714 2071 viginti.)
733 2002 792 2057 Viri
802 2003 915 2070 tratres,
927 2008 1046 2073 oportet

292 2082 402 2150 impleri
426 2080 618 2151 scripturam,
640 2099 727 2151 quam
750 2082 893 2152 praedixit
915 2082 1045 2153 Spiritus

293 2167 411 2217 sanetus
434 2178 486 2232 per
509 2178 542 2217 os
561 2161 655 2217 David
678 2162 714 2217 de
732 2162 815 2230 luds,
840 2163 890 2232 qui
909 2163 966 2219 fuit
985 2164 1045 2219 dux

240 2244 272 2297 17
293 2258 399 2308 eorum,
418 2241 466 2311 qui
485 2242 762 2311 comprehendenmt
779 2242 886 2298 Iesum:
907 2244 957 2313 qui
976 2259 1044 2300 oon·

293 2324 459 2376 numeratus
483 2324 545 2377 eret
563 2322 593 2376 in
611 2322 708 2389 nobis,
731 2327 761 2378 et
779 2323 899 2379 sortitus
918 2329 964 2380 est
982 2342 1044 2380 sor·

101 2423 129 2458 io
140 2424 228 2466 irs-10.
240 2406 273 2458 18
292 2405 351 2456 tem
370 2400 518 2457 ministerii
537 2402 630 2457 huius.
658 2403 696 2458 Et
713 2403 760 2459 hio
778 2402 892 2473 quidem
910 2405 1044 2474 possedit

293 2498 392 2552 agrum
418 2481 453 2537 de
477 2482 609 2537 mercede
632 2482 808 2553 iniquitatis,
833 2488 862 2539 et
882 2501 1043 2555 suspensus

292 2704 334 2711 μα..
342 2704 364 2711 ,..
374 2704 465 2711 ...-.-.—
478 2704 504 2709 .—

345 2866 371 2903 13
385 2859 576 2915 coenaculum]
592 2880 632 2915 -,
654 2861 658 2913 Ι
683 2859 863 2905 bartholomeus
888 2861 891 2912 Ι
917 2861 1041 2906 mattheus

303 2930 307 2983 Ι
333 2928 413 2983 alphei

345 3006 371 3043 15
385 2999 456 3043 Etin
471 2999 494 3044 d.

345 3076 371 3113 1⁷
385 3069 442 3123 quie
