2275 3434
280 149 481 204 SECVNDVM
507 149 640 204 Lvunu.
752 151 876 218 nti-m.

59 312 245 365 adiuvarent
266 329 324 365 eos.
362 311 399 365 Et
418 314 570 378 venerunt,
591 315 619 365 et
638 311 826 380 impleverunt

61 393 177 445 ambas
206 391 369 457 naviculae,
397 390 438 445 ita
466 395 498 444 ut
523 408 596 460 pene
622 394 826 460 mergerentur.

27 469 49 547 ξξ
62 472 160 541 Quod
180 489 245 526 cum
264 471 374 525 videret
393 470 491 525 Simon
510 473 627 538 PetruS,
648 472 771 540 procidit
790 473 826 526 ad
846 477 862 526 8
890 493 926 529 Aa
938 497 996 537 opo.

63 570 170 621 genua
197 552 276 618 Iesu,
303 551 415 605 dicens:
441 552 494 606 Exi
521 570 538 606 a
561 569 623 619 me,
649 553 717 622 quia
742 553 826 608 homo

63 637 211 702 peccator
230 650 302 699 sum,
321 633 450 686 Domine.
489 633 596 702 Stupor
615 635 689 688 enim
709 634 827 687 circum-
846 639 862 687 9

64 713 195 768 dederat
214 730 288 780 eum,
307 715 337 766 et
355 729 463 779 omneS,
483 714 531 782 qui
547 730 612 767 cum
626 715 673 768 illo
689 719 778 780 erant,
798 715 825 768 in

65 797 196 863 captura
224 795 361 862 piscium,
389 811 475 863 quarn
501 799 653 862 ceperant:
692 793 827 849 Similiter
848 799 881 848 10
890 815 918 849 m
930 817 987 857 inu.

67 879 171 928 aedem
192 875 343 939 Iacobum,
367 877 396 926 et
415 874 563 941 Ioannem,
583 874 655 928 tilios
675 875 826 942 Zebedaei,

34 952 54 1029 {-
68 956 121 1024 qni
142 958 227 1009 erant
246 955 316 1008 socii
336 953 469 1008 Simonis,
489 953 548 1008 *Et
567 955 608 1008 ait
627 955 663 1008 ad
683 954 826 1009 Simonem

68 1037 170 1089 Iesus:
195 1036 258 1090 Noli
279 1036 394 1090 timere:
420 1051 456 1088 ex
474 1035 528 1087 hoc
546 1035 604 1088 iam
622 1035 751 1088 homines
771 1035 826 1088 eris

70 1115 202 1184 capiens
246 1115 283 1170 ut
315 1114 466 1169 subductis
497 1114 533 1168 ad
562 1118 668 1169 terram
696 1115 826 1182 navibus
847 1120 987 1179 lluiioar.

71 1195 184 1250 relictis
203 1197 335 1250 omnibus
354 1195 447 1248 secuti
465 1198 533 1248 suut
552 1212 625 1249 euni.

40 1272 60 1350 {⁵
147 1275 185 1329 Et
209 1276 395 1341 factumest,
422 1292 486 1328 curn
505 1279 584 1330 esset
604 1276 632 1329 in
651 1291 709 1329 una
728 1275 826 1330 civita·
847 1261 994 1349 12Μῖᾝῖἰ,

72 1360 146 1421 turn,
166 1349 195 1408 et
210 1372 276 1408 ecce
291 1355 334 1408 vir
347 1357 448 1423 plenus
462 1355 550 1423 lepra,
566 1360 595 1410 et
609 1355 709 1409 videns
724 1356 825 1421 lesum,
890 1351 920 1385 ¹⁸¹⁰
932 1353 1019 1394 ¹⁵⁴⁰·⁴⁶'

74 1440 105 1489 et
124 1434 277 1503 procidens
296 1435 325 1488 in
345 1435 463 1501 faciem,
482 1435 595 1504 rogavit
614 1452 694 1501 eum,
714 1435 825 1488 dicens:

75 1514 208 1580 Domine,
228 1515 252 1568 si
270 1514 322 1581 vie,
341 1517 484 1584 potestne
499 1514 645 1568 mundare.
678 1515 714 1568 Et
729 1518 826 1568 exten·
847 1523 879 1571 13

76 1595 149 1649 dens
168 1611 293 1659 manum,
312 1595 409 1662 tetigit
428 1612 492 1649 eum
512 1594 626 1648 dicens:
647 1595 728 1648 Volo:
749 1595 827 1648 Mun-

78 1677 154 1730 dare.
192 1675 228 1729 Et
256 1675 409 1728 confestim
437 1676 516 1744 lepra
544 1675 678 1729 discessit
707 1676 742 1728 ab
770 1675 825 1729 illo.

79 1761 108 1810 et
133 1756 195 1824 ipse
218 1755 366 1824 praecepit
386 1756 425 1809 illi
443 1761 475 1810 ut
495 1756 600 1810 nemini
620 1756 740 1810 diceret:
767 1756 826 1822 sed,
848 1763 881 1812 14
890 1780 919 1814 nv
931 1781 994 1821 iam

80 1836 166 1903 Vade,
185 1835 305 1890 ostende
320 1839 349 1890 te
364 1836 516 1903 sacerdoti,
535 1840 565 1891 et
580 1836 651 1891 offer
664 1853 715 1905 pro
731 1853 827 1891 emun-
913 1825 999 1866 “³⁴²¹

82 1915 196 1970 datione
214 1920 273 1983 tue,
298 1917 373 1985 sicut
391 1917 538 1985 praecepit
557 1917 679 1986 Moyses
699 1916 727 1969 in
746 1916 827 1970 testi-

54 1988 206 2067 ssmonium
238 1997 300 2050 illis
351 1996 574 2050 Peramludabat
607 2002 702 2050 autem
735 1997 880 2064 magis15

84 2090 175 2128 sermo
194 2073 229 2127 de
248 2075 306 2129 illo:
327 2081 355 2130 et
375 2076 583 2129 conveniebant
602 2076 703 2129 turbae
721 2076 827 2128 multae

83 2157 115 2208 ut
140 2153 285 2221 audirent,
310 2160 339 2209 et
365 2158 532 2209 curarentur
558 2155 593 2208 ab
614 2154 827 2208 infirmitatibus

56 2230 150 2309 {suis
186 2235 251 2303 Ipse
275 2239 370 2301 autem
390 2235 545 2290 secedebat
564 2235 593 2288 in
613 2235 772 2302 desertum,
799 2238 827 2288 et
848 2243 881 2294 16
893 2261 921 2294 a„
935 2263 981 2304 „aa

84 2316 189 2370 orabat.

136 2701 149 2735 7
163 2715 185 2724 -
200 2704 261 2746 pene

136 2764 220 2820 85>
236 2764 337 2809 Domine
351 2777 374 2819 q.
388 2765 412 2809 h.
429 2776 452 2819 p.
468 2777 520 2808 sum

137 2843 159 2878 11
173 2835 240 2880 illum

138 2914 162 2950 13
173 2906 241 2951 illum
265 2907 269 2962 Ι
295 2907 316 2961 {a
330 2908 399 2951 Iesus
415 2907 498 2950 dicens

138 2986 161 3021 io
175 2977 270 3022 deserto
