2275 3434
270 151 468 208 SECVNDVM
490 147 651 205 MARCVM.
720 147 878 215 ltro-25.

68 318 184 373 scimus
210 315 279 385 quia
304 332 393 370 verax
417 331 463 380 eS,
486 316 519 367 'et
541 329 599 367 non
622 327 707 365 curas
730 327 826 379 quem-

69 415 177 468 quam:
204 413 258 450 nec
284 395 358 449 enim
382 393 463 448 vides
489 393 518 447 in
545 392 649 446 faciem
672 391 826 457 hominum,

69 478 126 532 sed
156 478 186 532 in
210 477 334 530 veritate
360 475 436 528 viam
461 472 515 528 Dei
541 471 636 526 doces.
672 472 739 525 licet
766 470 828 524 dari

68 559 216 614 tributum
249 555 383 622 Caesari,
417 571 453 608 an
485 569 541 608 non
570 552 725 606 dabimus?
772 551 827 620 Qui
847 551 881 604 15

70 640 171 694 sciens
194 636 353 692 versutiam
378 635 504 701 illorum,
531 634 573 688 ait
591 632 661 687 illis:
688 631 763 701 Quid
781 647 827 685 me

70 719 217 774 tentatis?
246 716 348 771 afferte
375 714 444 768 mihi
473 713 628 787 denarium!
646 715 679 766 ut
705 712 827 767 videam.

73 801 131 855 'At
150 799 191 854 illi
210 798 369 853 attulerunt
392 795 427 850 ei.
463 794 500 848 Et
519 793 560 848 ait
578 793 647 847 illis:
675 792 763 847 Cuius
782 796 828 846 est
847 796 881 847 16

73 881 172 948 imago
197 879 282 944 haec,
308 879 338 930 et
356 874 525 943 inscriptio?
562 873 670 927 Dicunt
689 873 729 926 ei:
757 872 827 927 Cae-

74 960 161 1013 saris..
205 956 390 1026 Respondeas
423 958 520 1008 autem
547 954 627 1009 Iesus
657 953 729 1009 dixit
756 953 826 1007 illis:
847 958 965 1011 Urna.

75 1037 201 1092 Reddite
224 1037 310 1104 igitur
333 1052 406 1105 quae
431 1039 498 1090 sunt
518 1033 667 1100 Caesaris,
694 1032 825 1088 Caesari:

78 1120 108 1172 et
146 1133 220 1193 quae
255 1119 322 1170 sunt
352 1116 422 1182 Dei,
460 1115 529 1169 Deo.
581 1115 617 1168 Et
648 1113 828 1169 mirabantur

77 1214 167 1266 super
186 1213 227 1252 eo.

149 1277 187 1332 Et
223 1279 363 1331 venerunt
397 1276 434 1330 ad
466 1292 531 1330 eum
564 1275 741 1344 Sadducaei,
778 1277 827 1345 qui
847 1279 880 1331 18
892 1253 1029 1341 abii-²2³.

75 1359 178 1412 dicunt
202 1357 439 1412 resurrectionem
464 1373 521 1410 non
547 1372 626 1410 esse:
655 1359 684 1411 et
708 1357 827 1411 interro·
893 1344 1016 1386 Μ’Ήθ·

75 1439 188 1508 gabant
202 1453 267 1492 emn
282 1436 423 1492 dicentes:
442 1438 446 1475 ¹
458 1436 603 1505 Magister,
617 1436 730 1505 Moyses
744 1437 827 1491 nobis
848 1441 880 1492 19
892 1460 917 1494 οι
927 1461 994 1502 nus.

77 1519 207 1588 scripsit,
226 1521 258 1572 ut
277 1518 302 1572 si
322 1517 402 1572 cuius
422 1517 512 1572 frater
530 1522 660 1572 mortuus
680 1517 779 1584 fuerit,
798 1520 827 1571 et
892 1503 983 1546 ‘hm‘

78 1599 219 1654 dimiserit
237 1615 368 1665 uxorem,
390 1601 419 1652 et
437 1598 510 1652 filios
529 1615 586 1652 non
604 1598 762 1667 reliquerit,
783 1614 828 1651 ac·

78 1679 168 1749 cipiet
186 1679 276 1734 frater
295 1679 356 1733 eius
376 1695 494 1733 uxorem
512 1678 613 1747 ipsiuS,
632 1682 662 1732 et
674 1679 828 1733 resuscitet

78 1776 177 1814 semen
196 1759 278 1814 fratri
298 1776 359 1813 suo.
395 1758 510 1827 Septem
527 1775 595 1827 ergo
611 1757 716 1813 fratres
731 1762 827 1813 erant:
846 1761 882 1812 20

78 1845 107 1894 et
135 1840 243 1909 primus
272 1839 385 1908 accepit
412 1855 544 1906 uxorem,
573 1842 603 1893 et
627 1843 757 1893 mortuus
784 1842 828 1892 est

77 1937 135 1974 non
172 1920 270 1974 relicto
304 1919 421 1974 semine.
471 1919 508 1973 Et
541 1918 684 1974 secundus
717 1919 829 1987 accepit
847 1922 880 1972 21

79 2017 158 2067 eam,
188 2003 217 2054 et
245 2003 374 2054 mortuus
403 2001 463 2052 est:
493 2003 522 2054 et
549 2016 604 2052 nec
631 1999 686 2053 iste
714 1999 829 2067 reliquit

79 2096 184 2135 semen.
222 2079 259 2134 Et
286 2080 389 2133 tertius
418 2079 555 2133 similiter.
578 2079 637 2133 'Et
657 2083 829 2148 acceperunt
847 2083 882 2132 22

80 2178 144 2215 eam
176 2159 307 2214 similiter
339 2161 466 2227 septem:
505 2163 533 2213 et
565 2177 623 2214 non
653 2161 829 2228 reliquerunt

79 2255 185 2296 semen.
223 2238 386 2294 Novissima
415 2239 540 2292 omnium
566 2239 704 2295 defuncta
729 2245 774 2294 est
799 2244 828 2294 et

79 2321 188 2376 mulier.
233 2320 265 2374 In
299 2319 505 2374 resurrectione
539 2335 607 2387 ergo
640 2337 703 2373 cum
736 2337 828 2374 resur·
847 2324 882 2374 23

81 2401 212 2468 rexerint,
232 2399 313 2454 cuius
333 2399 368 2454 de
386 2399 431 2454 his
447 2400 502 2454 erit
515 2401 608 2454 uxor?
627 2405 738 2468 septem
753 2401 828 2455 enim

81 2483 241 2536 babuerunt
261 2497 323 2536 eam
338 2497 463 2535 uxorem.
497 2481 533 2534 Et
548 2481 725 2548 respondens
739 2481 828 2548 issue,
847 2485 882 2536 24

83 2565 122 2616 ait
149 2561 220 2615 illis:
253 2560 353 2616 Nonne
380 2561 444 2616 ideo
473 2561 592 2628 erratiS,
619 2577 676 2615 non
704 2561 828 2616 scientes

83 2643 260 2711 Scripturas,
283 2657 375 2711 neque
394 2642 530 2697 virtutem
549 2641 623 2694 Dei?
662 2640 734 2695 Cum
754 2643 828 2696 enim
847 2645 882 2696 25

84 2741 100 2776 a
141 2722 260 2776 mortuis
303 2722 527 2789 resurrexerint,
574 2737 667 2790 neque
710 2722 828 2789 nubent,

83 2818 172 2872 neque
213 2802 371 2868 nubentur,
415 2800 465 2856 sed
507 2805 575 2856 sunt
617 2802 693 2857 sicut
735 2803 829 2869 angeli
861 2841 864 2848 .

135 2969 159 3005 14
173 2961 194 3017 ᾗ
209 2962 267 3006 dare

135 3014 467 3067 m-thdWMffi

135 3076 159 3112 24
173 3080 221 3113 non

136 3129 160 3166 25
175 3124 196 3178 ᾗ
211 3124 281 3166 erunt
307 3123 310 3175 Ι
335 3121 355 3178 5
372 3123 455 3178 angeli
468 3123 512 3166 Dei

443 3203 482 3247 121
