2275 3434
203 252 309 306 apostoli
329 250 501 307 probaverunt.
533 249 568 297 De
587 265 652 298 novo
672 263 737 300 nuno
756 250 842 307 loquor
860 252 1018 306 testamento,

204 324 267 376 qnod
280 324 397 368 Greeounr
411 335 467 370 esse
481 336 530 369 non
543 327 642 371 dubium
656 329 702 382 esi,
717 329 816 380 excepto
831 325 944 379 sportolo
958 324 1019 367 llat-

163 394 190 437 30
203 395 272 450 theo,
293 395 333 449 qui
353 397 443 450 primus
465 397 489 441 in
509 398 600 443 Iudaeo
621 397 775 450 evangelium
794 397 882 442 Christi
899 395 1019 440 Hebraeis

203 465 292 510 litteris
307 467 390 511 edidit.
419 469 472 513 Hoo
485 473 550 514 certe
564 481 619 514 omn
632 469 658 514 in
672 471 755 514 nestro
770 479 882 513 sermone
895 467 1020 512 disoorelat

204 540 229 581 et
247 538 358 583 diversos
378 539 509 585 rivulorum
528 541 640 585 tramites
659 541 737 596 ducit,
759 550 806 585 nno
821 540 851 584 de
864 538 932 584 iente
947 548 1018 592 quae-

203 611 303 654 rendum
323 611 370 655 eet.
398 611 568 657 Praetermitto
588 624 630 657 eos
650 613 746 658 eodioes
765 622 825 666 quos
840 624 856 656 e
869 611 977 656 Lueieno
996 612 1020 654 et

204 681 325 735 Hesychio
344 685 498 736 nmoupetor
516 694 647 738 pensorum
660 684 784 729 lominum
798 681 892 729 adserit
904 691 1021 736 perversa

163 753 190 796 35
204 755 342 798 eontentio:
364 755 451 807 quibus
473 756 554 809 ntique
575 767 620 801 neo
638 756 664 800 in
683 756 761 801 veteri
781 755 942 801 instrumento
964 755 1021 808 post

204 825 362 880 septuaginta
379 826 525 881 interpretes
544 827 673 872 emendare
693 827 750 881 qnid
768 826 839 872 lleolt
856 835 903 872 neo
914 825 942 870 in
955 835 1020 870 novo

203 895 294 951 proluit
308 897 459 952 emendasse,
474 909 527 943 eum
541 899 671 943 multarum
680 898 789 954 gentium
798 898 891 952 linguis
901 897 1021 952 soriptnre

204 965 261 1010 ante
275 969 399 1012 translate
413 969 501 1014 dooeet
513 969 579 1014 iales
593 981 648 1014 esse
663 980 724 1023 quse
739 968 824 1013 addite
838 970 904 1013 sunt.

257 1047 336 1100 igitur
353 1048 413 1092 haee
428 1059 543 1102 praesens
558 1048 752 1103 praefatiuncula
765 1049 894 1103 pollicetur
907 1050 1021 1101 quattuor

164 1118 191 1160 40
204 1119 301 1162 tantum
318 1119 454 1175 evangelie,
469 1130 569 1174 quorum
589 1120 647 1164 ordo
666 1120 714 1164 iste
733 1122 778 1174 est,
792 1120 912 1164 Mattheus
926 1119 1020 1163 Merene

205 1189 284 1234 Lueas
298 1189 426 1245 Iohannes,
446 1191 555 1236 oodionm
571 1191 716 1236 Graeoorum
734 1191 865 1234 emendata
883 1189 1021 1236 conlatione

205 1261 248 1304 sed
268 1265 384 1306 veterum.
413 1261 479 1314 Quae
499 1275 530 1308 ne
551 1264 652 1308 multum
674 1275 689 1307 e
708 1261 822 1308 leotionis
843 1261 945 1306 Latinae
966 1273 1021 1306 oon·

205 1331 332 1376 suetudine
352 1333 529 1390 discreparent,
547 1335 585 1378 ita
603 1335 697 1379 calamo
716 1333 904 1389 temperavimus
921 1336 961 1386 ut,
982 1333 1020 1376 his

204 1405 301 1448 tantum
320 1415 381 1458 quse
400 1416 498 1450 sensnm
512 1405 659 1451 videbantur
672 1407 766 1451 mutare
780 1406 908 1460 torrentis,
927 1404 1021 1458 reliqua

164 1475 191 1518 45
205 1485 303 1519 manere
316 1478 453 1530 poteremur
467 1477 493 1521 ut
509 1477 612 1522 luerent.

259 1555 369 1601 Oenones
383 1567 484 1611 qnoque,
499 1568 559 1610 quos
575 1557 696 1602 Eusebius
711 1555 877 1600 Caesariensis
894 1555 1021 1609 episeopus

204 1627 392 1673 Alexandrinum
412 1631 510 1674 seoutus
524 1630 674 1674 Ammonium
693 1629 718 1672 in
735 1629 817 1673 deoem
832 1638 943 1672 numeros
958 1627 1021 1670 ordi-

205 1699 285 1753 navit,
305 1699 369 1744 siout
382 1700 405 1744 iu
422 1701 513 1745 Graeco
528 1701 650 1745 habentur
664 1700 841 1754 expressimus;
862 1699 950 1753 quodsi
968 1699 1021 1752 quie

206 1769 235 1813 de
250 1770 352 1814 curiosis
366 1771 471 1815 voluerit
485 1781 558 1815 nosse
574 1782 635 1826 quse
649 1771 674 1814 in
688 1770 824 1825 evangeliis
834 1771 874 1815 vel
888 1771 973 1814 eadem
982 1769 1021 1814 vel

165 1841 193 1884 50
205 1841 287 1885 vicine
300 1842 340 1886 vel
354 1843 408 1887 sola
422 1843 480 1897 sint,
496 1854 578 1887 eorum
588 1842 745 1887 distinetione
756 1843 898 1897 cognoseat.
918 1843 1022 1896 Magnus

207 1913 325 1966 siquidem
338 1914 377 1959 hio
391 1914 416 1957 in
431 1914 522 1958 nostris
538 1913 662 1958 oodioibus
678 1925 743 1958 emor
757 1913 870 1968 inolevit,
889 1913 945 1958 dum
959 1912 1022 1966 qnod

205 1982 231 2026 in
246 1983 330 2028 eadem
344 1995 369 2028 re
384 1985 447 2030 alius
462 1985 617 2038 evangeliste
631 1985 685 2039 plus
697 1984 798 2038 dixitin
808 1985 865 2040 alio,
876 1985 932 2038 quie
943 1984 1022 2028 minus

206 2056 353 2110 putaverint,
368 2056 527 2109 addideram
543 2057 583 2100 vel
593 2057 648 2101 dum
658 2056 760 2100 eundem
769 2068 868 2101 sensnm
878 2056 941 2100 elius
951 2056 1023 2099 elioer

207 2128 334 2180 expressit,
348 2127 391 2170 ille
405 2127 445 2180 qni
459 2138 532 2172 unum
547 2139 559 2171 e
574 2130 690 2182 quattuor
702 2128 804 2184 primum
814 2129 917 2184 legerat,
928 2128 960 2173 ad
970 2128 1022 2172 eius

166 2197 193 2240 55
207 2198 340 2251 exemplum
354 2201 448 2242 eeteros
463 2209 556 2253 quoqne
571 2200 738 2245 aestimaverit
752 2201 926 2244 emendandos.
953 2199 1022 2244 Unde

208 2269 297 2316 aooidit
315 2273 343 2314 ut
362 2271 425 2326 apud
443 2281 489 2314 noe
509 2271 585 2316 mixte
604 2272 654 2318 sint
673 2272 762 2326 omnia,
782 2274 807 2315 et
820 2271 846 2314 in
860 2272 939 2315 Marco
953 2271 1023 2324 plura

206 2339 286 2384 Lunae
301 2344 374 2397 etque
387 2341 495 2397 lielthei,
510 2354 605 2387 rursum
619 2345 645 2388 in
659 2344 766 2386 Mattheo
776 2341 890 2386 Iohannis
906 2345 931 2386 et
940 2343 1021 2398 llerei,

207 2411 270 2455 etin
285 2413 373 2456 esteris
387 2413 532 2466 reliquorum
547 2426 609 2467 quae
620 2414 675 2458 eliis
684 2413 783 2470 propria
791 2415 849 2458 sunt
858 2413 1021 2460 invenientur.

207 2483 265 2527 Cum
284 2484 366 2538 itaque
385 2496 492 2529 oenones
511 2484 603 2538 legeris
618 2485 659 2538 qui
673 2485 776 2528 subiecti
790 2489 854 2540 sunt,
872 2485 1023 2531 confusionis

167 2555 193 2598 60
208 2566 288 2598 errore
310 2556 419 2611 sublato,
443 2558 467 2599 et
488 2555 579 2599 similia
597 2555 704 2600 omnium
725 2556 788 2600 soies
810 2559 835 2600 et
854 2557 958 2613 singulis
977 2569 1023 2602 sue

208 2637 316 2680 quaeque
334 2627 457 2672 restitues.
485 2627 513 2670 In
532 2638 626 2672 oenone
645 2627 721 2683 primo
738 2630 887 2675 concordant
901 2632 1022 2684 quattuor,

207 2698 327 2742 Mattheus
337 2699 431 2742 Merene
441 2697 520 2743 Lucas
530 2698 665 2753 Iohannem
680 2701 706 2744 in
715 2701 822 2745 seeundo
831 2703 891 2758 tres,
901 2701 1022 2746 Mattheus

261 2844 286 2884 29
296 2862 319 2874 -
329 2852 383 2884 esse
391 2843 414 2881 A
427 2842 429 2892 l
442 2840 564 2886 Matthseo
573 2841 615 2896 a
622 2852 652 2886 ere
673 2851 735 2887 3233
744 2843 801 2888 unio
811 2854 830 2888 et
840 2845 991 2898 quaerendus
998 2846 1021 2884 A

207 2893 358 2952 emerim-2
385 2895 497 2938 sehoeA
523 2897 734 2950 eo-tentumffl]
762 2898 1022 2950 lemdetAleJeA

208 2955 233 2989 43
247 2947 416 3001 imperavimus
430 2950 453 2990 A
470 2951 544 3002 (invito
562 2953 593 3000 rt)
648 2956 675 2994 le
689 2961 735 3004 quo
750 2951 771 2995 ei
786 2963 808 3005 q.
823 2953 846 2992 A
865 2952 928 3006 quod
943 2952 988 3005 siq.
1003 2950 1022 3004 al

209 3007 232 3042 51
249 3007 287 3052 lep.
298 3003 340 3052 i»
352 3002 414 3055 quod
425 3002 509 3056 dnm&
537 3009 562 3046 62
576 3004 695 3058 aequin
723 3011 749 3048 53
762 3004 1011 3058 zepeddidebereffl

209 3054 318 3115 eumdem
327 3061 351 3098 lt·
359 3057 471 3110 (invitati)
493 3064 519 3100 oe
529 3060 588 3110 aput
597 3057 616 3111 a
636 3065 662 3100 57
672 3058 760 3111 [piore]
769 3058 820 3102 ioh.
830 3058 850 3110 ᾖ
872 3065 898 3101 58
906 3079 930 3092 -
938 3058 963 3101 in
971 3060 995 3100 A
1006 3059 1011 3111 1

209 3110 253 3157 [m]
268 3107 356 3162 allisa
392 3117 418 3152 oo
433 3111 530 3154 -soies
547 3110 583 3167 [p]
620 3111 757 3162 oswin]
771 3111 902 3165 -l-eenone
917 3109 964 3159 CA
