<?xml version="1.0" encoding="UTF-8"?>
<!DOCTYPE html PUBLIC "-//W3C//DTD XHTML 1.0 Transitional//EN"
    "http://www.w3.org/TR/xhtml1/DTD/xhtml1-transitional.dtd">
<html xmlns="http://www.w3.org/1999/xhtml" xml:lang="en" lang="en">
 <head>
  <title>
</title>
<meta http-equiv="Content-Type" content="text/html;charset=utf-8" />
  <meta name='ocr-system' content='tesseract 3.04.00' />
  <meta name='ocr-capabilities' content='ocr_page ocr_carea ocr_par ocr_line ocrx_word'/>
</head>
<body>
  <div class='ocr_page' id='page_1' title='image "./novumtestamentu01nestgoog_0154.png"; bbox 0 0 2275 3434; ppageno 0'>
   <div class='ocr_carea' id='block_1_1' title="bbox 271 125 882 191">
    <p class='ocr_par' dir='ltr' id='par_1_1' title="bbox 271 125 882 191">
     <span class='ocr_line' id='line_1_1' title="bbox 271 125 882 191; baseline 0 -7"><span class='ocrx_word' id='word_1_1' title='bbox 271 125 431 191; x_wconf 70' lang='lat' dir='ltr'>lare-60.</span> <span class='ocrx_word' id='word_1_2' title='bbox 497 127 699 182; x_wconf 84' lang='lat' dir='ltr'>SECVNDVM</span> <span class='ocrx_word' id='word_1_3' title='bbox 721 127 882 184; x_wconf 85' lang='lat' dir='ltr'><strong>MARCVM.</strong></span> 
     </span>
    </p>
   </div>
   <div class='ocr_carea' id='block_1_2' title="bbox 97 287 1099 2934">
    <p class='ocr_par' dir='ltr' id='par_1_2' title="bbox 269 287 1082 359">
     <span class='ocr_line' id='line_1_2' title="bbox 269 287 1082 359; baseline 0.006 -20"><span class='ocrx_word' id='word_1_4' title='bbox 269 289 305 340; x_wconf 87' lang='grc'>46</span> <span class='ocrx_word' id='word_1_5' title='bbox 324 301 397 341; x_wconf 90' lang='lat' dir='ltr'>eum.</span> <span class='ocrx_word' id='word_1_6' title='bbox 433 287 472 342; x_wconf 80' lang='lat' dir='ltr'>ut</span> <span class='ocrx_word' id='word_1_7' title='bbox 500 289 538 342; x_wconf 90' lang='lat' dir='ltr'>illi</span> <span class='ocrx_word' id='word_1_8' title='bbox 567 305 669 343; x_wconf 87' lang='lat' dir='ltr'>manus</span> <span class='ocrx_word' id='word_1_9' title='bbox 698 289 855 344; x_wconf 83' lang='lat' dir='ltr'>iniecerunt</span> <span class='ocrx_word' id='word_1_10' title='bbox 880 290 909 344; x_wconf 92' lang='lat' dir='ltr'>in</span> <span class='ocrx_word' id='word_1_11' title='bbox 937 307 1030 359; x_wconf 79' lang='lat' dir='ltr'>eum,</span> <span class='ocrx_word' id='word_1_12' title='bbox 1061 302 1082 344; x_wconf 69' lang='lat' dir='ltr'>et</span> 
     </span>
    </p>

    <p class='ocr_par' dir='ltr' id='par_1_3' title="bbox 269 369 1084 520">
     <span class='ocr_line' id='line_1_3' title="bbox 269 369 1084 440; baseline 0.01 -22"><span class='ocrx_word' id='word_1_13' title='bbox 269 369 303 419; x_wconf 84' lang='lat'>47</span> <span class='ocrx_word' id='word_1_14' title='bbox 323 371 476 422; x_wconf 88' lang='lat' dir='ltr'>tenuerunt</span> <span class='ocrx_word' id='word_1_15' title='bbox 502 385 575 423; x_wconf 89' lang='lat' dir='ltr'>eum.</span> <span class='ocrx_word' id='word_1_16' title='bbox 614 369 693 424; x_wconf 86' lang='lat' dir='ltr'>Unus</span> <span class='ocrx_word' id='word_1_17' title='bbox 714 375 810 425; x_wconf 89' lang='lat' dir='ltr'>autem</span> <span class='ocrx_word' id='word_1_18' title='bbox 829 370 949 440; x_wconf 90' lang='lat' dir='ltr'>quidam</span> <span class='ocrx_word' id='word_1_19' title='bbox 972 372 1012 426; x_wconf 86' lang='lat' dir='ltr'>de</span> <span class='ocrx_word' id='word_1_20' title='bbox 1036 376 1084 426; x_wconf 84' lang='lat' dir='ltr'>eir-</span> 
     </span>
     <span class='ocr_line' id='line_1_4' title="bbox 323 449 1084 520; baseline 0.008 -20"><span class='ocrx_word' id='word_1_21' title='bbox 323 449 535 503; x_wconf 88' lang='lat' dir='ltr'>cnmstantibus</span> <span class='ocrx_word' id='word_1_22' title='bbox 555 449 680 504; x_wconf 90' lang='lat' dir='ltr'>educens</span> <span class='ocrx_word' id='word_1_23' title='bbox 699 449 834 518; x_wconf 80' lang='lat' dir='ltr'>gladium,</span> <span class='ocrx_word' id='word_1_24' title='bbox 853 454 1005 520; x_wconf 81' lang='lat' dir='ltr'>percussit</span> <span class='ocrx_word' id='word_1_25' title='bbox 1028 473 1084 507; x_wconf 82' lang='lat' dir='ltr'>ser-</span> 
     </span>
    </p>

    <p class='ocr_par' dir='ltr' id='par_1_4' title="bbox 268 529 1099 763">
     <span class='ocr_line' id='line_1_5' title="bbox 323 529 1082 600; baseline 0.005 -18"><span class='ocrx_word' id='word_1_26' title='bbox 323 546 389 582; x_wconf 91' lang='lat' dir='ltr'>vum</span> <span class='ocrx_word' id='word_1_27' title='bbox 424 529 528 582; x_wconf 91' lang='lat' dir='ltr'>summi</span> <span class='ocrx_word' id='word_1_28' title='bbox 563 530 738 585; x_wconf 88' lang='lat' dir='ltr'>sacerdotis:</span> <span class='ocrx_word' id='word_1_29' title='bbox 777 535 806 586; x_wconf 88' lang='lat' dir='ltr'>et</span> <span class='ocrx_word' id='word_1_30' title='bbox 838 535 1010 600; x_wconf 86' lang='lat' dir='ltr'>amputavit</span> <span class='ocrx_word' id='word_1_31' title='bbox 1049 537 1082 587; x_wconf 86' lang='lat' dir='ltr'>illi</span> 
     </span>
     <span class='ocr_line' id='line_1_6' title="bbox 268 609 1099 680; baseline 0.007 -19"><span class='ocrx_word' id='word_1_32' title='bbox 268 611 303 661; x_wconf 84' lang='grc'>48</span> <span class='ocrx_word' id='word_1_33' title='bbox 322 609 487 664; x_wconf 84' lang='lat' dir='ltr'>auriculam.</span> <span class='ocrx_word' id='word_1_34' title='bbox 534 610 571 664; x_wconf 86' lang='lat' dir='ltr'>Et</span> <span class='ocrx_word' id='word_1_35' title='bbox 599 611 775 680; x_wconf 87' lang='lat' dir='ltr'>respondeus</span> <span class='ocrx_word' id='word_1_36' title='bbox 803 612 898 678; x_wconf 87' lang='lat' dir='ltr'>lesus,</span> <span class='ocrx_word' id='word_1_37' title='bbox 933 614 980 667; x_wconf 87' lang='lat' dir='ltr'>ait</span> <span class='ocrx_word' id='word_1_38' title='bbox 1013 616 1099 674; x_wconf 52' lang='lat' dir='ltr'>illia,</span> 
     </span>
     <span class='ocr_line' id='line_1_7' title="bbox 323 691 1082 763; baseline 0.004 -19"><span class='ocrx_word' id='word_1_39' title='bbox 323 691 482 758; x_wconf 81' lang='lat' dir='ltr'><strong>Tamquam</strong></span> <span class='ocrx_word' id='word_1_40' title='bbox 511 691 548 745; x_wconf 88' lang='lat' dir='ltr'>ad</span> <span class='ocrx_word' id='word_1_41' title='bbox 576 691 716 747; x_wconf 87' lang='lat' dir='ltr'>latronem</span> <span class='ocrx_word' id='word_1_42' title='bbox 742 693 843 746; x_wconf 77' lang='lat' dir='ltr'><strong>existis</strong></span> <span class='ocrx_word' id='word_1_43' title='bbox 869 709 933 747; x_wconf 84' lang='lat' dir='ltr'>curn</span> <span class='ocrx_word' id='word_1_44' title='bbox 961 696 1082 763; x_wconf 68' lang='lat' dir='ltr'>gladiis.</span> 
     </span>
    </p>

    <p class='ocr_par' dir='ltr' id='par_1_5' title="bbox 267 770 1081 842">
     <span class='ocr_line' id='line_1_8' title="bbox 267 770 1081 842; baseline 0.009 -19"><span class='ocrx_word' id='word_1_45' title='bbox 267 773 303 822; x_wconf 83' lang='grc'>49</span> <span class='ocrx_word' id='word_1_46' title='bbox 323 773 351 824; x_wconf 90' lang='lat' dir='ltr'>et</span> <span class='ocrx_word' id='word_1_47' title='bbox 376 770 461 839; x_wconf 84' lang='lat' dir='ltr'>lignis</span> <span class='ocrx_word' id='word_1_48' title='bbox 485 771 724 840; x_wconf 81' lang='lat' dir='ltr'>comprehendere</span> <span class='ocrx_word' id='word_1_49' title='bbox 744 775 809 826; x_wconf 80' lang='lat' dir='ltr'>me?</span> <span class='ocrx_word' id='word_1_50' title='bbox 847 773 980 842; x_wconf 77' lang='lat' dir='ltr'>quotidie</span> <span class='ocrx_word' id='word_1_51' title='bbox 1002 793 1081 830; x_wconf 84' lang='lat' dir='ltr'>eram</span> 
     </span>
    </p>

    <p class='ocr_par' dir='ltr' id='par_1_6' title="bbox 323 850 1083 921">
     <span class='ocr_line' id='line_1_9' title="bbox 323 850 1083 921; baseline 0.011 -17"><span class='ocrx_word' id='word_1_52' title='bbox 323 850 400 919; x_wconf 89' lang='lat' dir='ltr'>apud</span> <span class='ocrx_word' id='word_1_53' title='bbox 425 868 476 905; x_wconf 91' lang='lat' dir='ltr'>vos</span> <span class='ocrx_word' id='word_1_54' title='bbox 503 852 531 905; x_wconf 90' lang='lat' dir='ltr'>in</span> <span class='ocrx_word' id='word_1_55' title='bbox 558 854 664 921; x_wconf 87' lang='lat' dir='ltr'>templo</span> <span class='ocrx_word' id='word_1_56' title='bbox 691 852 811 921; x_wconf 87' lang='lat' dir='ltr'>docens,</span> <span class='ocrx_word' id='word_1_57' title='bbox 839 857 867 907; x_wconf 91' lang='lat' dir='ltr'>et</span> <span class='ocrx_word' id='word_1_58' title='bbox 891 870 948 908; x_wconf 92' lang='lat' dir='ltr'>non</span> <span class='ocrx_word' id='word_1_59' title='bbox 971 873 1023 912; x_wconf 91' lang='lat' dir='ltr'>me</span> <span class='ocrx_word' id='word_1_60' title='bbox 1047 865 1083 912; x_wconf 81' lang='lat' dir='ltr'>te-</span> 
     </span>
    </p>

    <p class='ocr_par' dir='ltr' id='par_1_7' title="bbox 174 931 1082 1086">
     <span class='ocr_line' id='line_1_10' title="bbox 174 931 1082 1003; baseline 0.011 -26"><span class='ocrx_word' id='word_1_61' title='bbox 174 932 303 988; x_wconf 62' lang='lat' dir='ltr'>merato</span> <span class='ocrx_word' id='word_1_62' title='bbox 322 931 434 985; x_wconf 82' lang='lat' dir='ltr'>nuistis</span> <span class='ocrx_word' id='word_1_63' title='bbox 468 931 525 987; x_wconf 86' lang='lat' dir='ltr'>Sed</span> <span class='ocrx_word' id='word_1_64' title='bbox 544 937 577 988; x_wconf 92' lang='lat' dir='ltr'>ut</span> <span class='ocrx_word' id='word_1_65' title='bbox 595 933 767 1002; x_wconf 82' lang='lat' dir='ltr'>impleantur</span> <span class='ocrx_word' id='word_1_66' title='bbox 785 933 961 1003; x_wconf 79' lang='lat' dir='ltr'>scripturae.</span> <span class='ocrx_word' id='word_1_67' title='bbox 982 937 1082 992; x_wconf 80' lang='lat' dir='ltr'>&#39;Tum</span> 
     </span>
     <span class='ocr_line' id='line_1_11' title="bbox 323 1010 1082 1086; baseline 0.009 -22"><span class='ocrx_word' id='word_1_68' title='bbox 323 1010 454 1079; x_wconf 89' lang='lat' dir='ltr'>discipuli</span> <span class='ocrx_word' id='word_1_69' title='bbox 473 1013 535 1067; x_wconf 89' lang='lat' dir='ltr'>eius</span> <span class='ocrx_word' id='word_1_70' title='bbox 554 1013 748 1081; x_wconf 84' lang='lat' dir='ltr'>relinquentes</span> <span class='ocrx_word' id='word_1_71' title='bbox 768 1030 847 1081; x_wconf 83' lang='lat' dir='ltr'>eum,</span> <span class='ocrx_word' id='word_1_72' title='bbox 873 1031 976 1070; x_wconf 89' lang='lat' dir='ltr'>omnes</span> <span class='ocrx_word' id='word_1_73' title='bbox 999 1017 1082 1086; x_wconf 71' lang='lat' dir='ltr'>fuge-</span> 
     </span>
    </p>

    <p class='ocr_par' dir='ltr' id='par_1_8' title="bbox 268 1092 1081 1164">
     <span class='ocr_line' id='line_1_12' title="bbox 268 1092 1081 1164; baseline 0.011 -22"><span class='ocrx_word' id='word_1_74' title='bbox 268 1092 301 1143; x_wconf 80' lang='lat'>51</span> <span class='ocrx_word' id='word_1_75' title='bbox 322 1095 396 1145; x_wconf 87' lang='lat' dir='ltr'>runt.</span> <span class='ocrx_word' id='word_1_76' title='bbox 451 1092 626 1148; x_wconf 82' lang='lat' dir='ltr'>Adolescens</span> <span class='ocrx_word' id='word_1_77' title='bbox 646 1097 743 1147; x_wconf 90' lang='lat' dir='ltr'>autem</span> <span class='ocrx_word' id='word_1_78' title='bbox 762 1094 878 1163; x_wconf 86' lang='lat' dir='ltr'>quidam</span> <span class='ocrx_word' id='word_1_79' title='bbox 897 1097 1081 1164; x_wconf 78' lang='lat' dir='ltr'>sequebatur</span> 
     </span>
    </p>

    <p class='ocr_par' dir='ltr' id='par_1_9' title="bbox 323 1173 1078 1243">
     <span class='ocr_line' id='line_1_13' title="bbox 323 1173 1078 1243; baseline 0.005 -17"><span class='ocrx_word' id='word_1_80' title='bbox 323 1188 387 1226; x_wconf 92' lang='lat' dir='ltr'>eum</span> <span class='ocrx_word' id='word_1_81' title='bbox 402 1173 524 1228; x_wconf 87' lang='lat' dir='ltr'>amictus</span> <span class='ocrx_word' id='word_1_82' title='bbox 539 1173 660 1228; x_wconf 83' lang='lat' dir='ltr'>sindone</span> <span class='ocrx_word' id='word_1_83' title='bbox 675 1191 762 1243; x_wconf 87' lang='lat' dir='ltr'>super</span> <span class='ocrx_word' id='word_1_84' title='bbox 774 1174 862 1229; x_wconf 91' lang='lat' dir='ltr'>nudo:</span> <span class='ocrx_word' id='word_1_85' title='bbox 878 1178 908 1230; x_wconf 88' lang='lat' dir='ltr'>et</span> <span class='ocrx_word' id='word_1_86' title='bbox 917 1179 1078 1233; x_wconf 83' lang='lat' dir='ltr'>tenueram</span> 
     </span>
    </p>

    <p class='ocr_par' dir='ltr' id='par_1_10' title="bbox 268 1254 1077 1325">
     <span class='ocr_line' id='line_1_14' title="bbox 268 1254 1077 1325; baseline 0.011 -21"><span class='ocrx_word' id='word_1_87' title='bbox 268 1255 303 1304; x_wconf 77' lang='lat'>52</span> <span class='ocrx_word' id='word_1_88' title='bbox 323 1267 394 1307; x_wconf 87' lang='lat' dir='ltr'>eum.</span> <span class='ocrx_word' id='word_1_89' title='bbox 432 1254 469 1307; x_wconf 88' lang='lat' dir='ltr'>At</span> <span class='ocrx_word' id='word_1_90' title='bbox 487 1255 533 1308; x_wconf 90' lang='lat' dir='ltr'>ille</span> <span class='ocrx_word' id='word_1_91' title='bbox 553 1254 660 1310; x_wconf 87' lang='lat' dir='ltr'>reiecta</span> <span class='ocrx_word' id='word_1_92' title='bbox 679 1254 808 1322; x_wconf 85' lang='lat' dir='ltr'>sindone,</span> <span class='ocrx_word' id='word_1_93' title='bbox 830 1255 923 1310; x_wconf 88' lang='lat' dir='ltr'>nudus</span> <span class='ocrx_word' id='word_1_94' title='bbox 943 1260 1077 1325; x_wconf 63' lang='lat' dir='ltr'>profusit</span> 
     </span>
    </p>

    <p class='ocr_par' dir='ltr' id='par_1_11' title="bbox 323 1334 429 1388">
     <span class='ocr_line' id='line_1_15' title="bbox 323 1334 429 1388; baseline 0.009 -1"><span class='ocrx_word' id='word_1_95' title='bbox 323 1334 359 1387; x_wconf 90' lang='lat' dir='ltr'>ab</span> <span class='ocrx_word' id='word_1_96' title='bbox 379 1335 429 1388; x_wconf 90' lang='lat' dir='ltr'>eis.</span> 
     </span>
    </p>

    <p class='ocr_par' dir='ltr' id='par_1_12' title="bbox 268 1413 1078 1570">
     <span class='ocr_line' id='line_1_16' title="bbox 268 1413 1078 1475; baseline 0.015 -11"><span class='ocrx_word' id='word_1_97' title='bbox 268 1416 302 1465; x_wconf 77' lang='lat'>53</span> <span class='ocrx_word' id='word_1_98' title='bbox 392 1415 429 1469; x_wconf 86' lang='lat' dir='ltr'>Et</span> <span class='ocrx_word' id='word_1_99' title='bbox 449 1413 630 1469; x_wconf 85' lang='lat' dir='ltr'>adduxerunt</span> <span class='ocrx_word' id='word_1_100' title='bbox 648 1415 741 1469; x_wconf 91' lang='lat' dir='ltr'>Iesum</span> <span class='ocrx_word' id='word_1_101' title='bbox 761 1415 797 1470; x_wconf 90' lang='lat' dir='ltr'>ad</span> <span class='ocrx_word' id='word_1_102' title='bbox 816 1433 959 1472; x_wconf 89' lang='lat' dir='ltr'>summum</span> <span class='ocrx_word' id='word_1_103' title='bbox 980 1436 1078 1475; x_wconf 84' lang='lat' dir='ltr'>sacer·</span> 
     </span>
     <span class='ocr_line' id='line_1_17' title="bbox 322 1493 1075 1570; baseline 0.009 -22"><span class='ocrx_word' id='word_1_104' title='bbox 322 1493 432 1549; x_wconf 91' lang='lat' dir='ltr'>dotem:</span> <span class='ocrx_word' id='word_1_105' title='bbox 459 1497 489 1547; x_wconf 88' lang='lat' dir='ltr'>et</span> <span class='ocrx_word' id='word_1_106' title='bbox 508 1499 702 1549; x_wconf 87' lang='lat' dir='ltr'>convenerunt</span> <span class='ocrx_word' id='word_1_107' title='bbox 721 1513 820 1551; x_wconf 89' lang='lat' dir='ltr'>omnes</span> <span class='ocrx_word' id='word_1_108' title='bbox 839 1497 1028 1570; x_wconf 87' lang='lat' dir='ltr'>sacerdotes,</span> <span class='ocrx_word' id='word_1_109' title='bbox 1054 1510 1075 1555; x_wconf 78' lang='lat' dir='ltr'>el</span> 
     </span>
    </p>

    <p class='ocr_par' dir='ltr' id='par_1_13' title="bbox 268 1574 1076 1725">
     <span class='ocr_line' id='line_1_18' title="bbox 268 1574 1076 1648; baseline 0.011 -23"><span class='ocrx_word' id='word_1_110' title='bbox 268 1577 302 1626; x_wconf 81' lang='lat'>54</span> <span class='ocrx_word' id='word_1_111' title='bbox 322 1574 453 1640; x_wconf 78' lang='lat' dir='ltr'>Scribas,</span> <span class='ocrx_word' id='word_1_112' title='bbox 480 1576 509 1627; x_wconf 91' lang='lat' dir='ltr'>et</span> <span class='ocrx_word' id='word_1_113' title='bbox 534 1574 669 1629; x_wconf 89' lang='lat' dir='ltr'>seniores.</span> <span class='ocrx_word' id='word_1_114' title='bbox 707 1575 810 1631; x_wconf 90' lang='lat' dir='ltr'>Petrus</span> <span class='ocrx_word' id='word_1_115' title='bbox 836 1583 931 1632; x_wconf 88' lang='lat' dir='ltr'>autem</span> <span class='ocrx_word' id='word_1_116' title='bbox 953 1595 971 1635; x_wconf 88' lang='lat' dir='ltr'>a</span> <span class='ocrx_word' id='word_1_117' title='bbox 991 1582 1076 1648; x_wconf 67' lang='lat' dir='ltr'>longe</span> 
     </span>
     <span class='ocr_line' id='line_1_19' title="bbox 322 1657 1075 1725; baseline 0.009 -18"><span class='ocrx_word' id='word_1_118' title='bbox 322 1657 439 1708; x_wconf 87' lang='lat' dir='ltr'>secutus</span> <span class='ocrx_word' id='word_1_119' title='bbox 459 1657 504 1708; x_wconf 84' lang='lat' dir='ltr'>est</span> <span class='ocrx_word' id='word_1_120' title='bbox 521 1671 586 1708; x_wconf 88' lang='lat' dir='ltr'>eum</span> <span class='ocrx_word' id='word_1_121' title='bbox 605 1671 696 1725; x_wconf 90' lang='lat' dir='ltr'>usque</span> <span class='ocrx_word' id='word_1_122' title='bbox 710 1657 785 1711; x_wconf 90' lang='lat' dir='ltr'>intro</span> <span class='ocrx_word' id='word_1_123' title='bbox 805 1658 833 1711; x_wconf 90' lang='lat' dir='ltr'>in</span> <span class='ocrx_word' id='word_1_124' title='bbox 849 1657 953 1712; x_wconf 90' lang='lat' dir='ltr'>atrium</span> <span class='ocrx_word' id='word_1_125' title='bbox 969 1665 1075 1716; x_wconf 82' lang='lat' dir='ltr'>summi</span> 
     </span>
    </p>

    <p class='ocr_par' dir='ltr' id='par_1_14' title="bbox 119 1733 1075 2050">
     <span class='ocr_line' id='line_1_20' title="bbox 148 1733 1075 1818; baseline 0.013 -33"><span class='ocrx_word' id='word_1_126' title='bbox 148 1782 233 1818; x_wconf 42' lang='grc' dir='ltr'>ΜΒ,</span> <span class='ocrx_word' id='word_1_127' title='bbox 322 1733 494 1788; x_wconf 83' lang='lat' dir='ltr'>sacerdotis:</span> <span class='ocrx_word' id='word_1_128' title='bbox 510 1738 539 1788; x_wconf 92' lang='lat' dir='ltr'>et</span> <span class='ocrx_word' id='word_1_129' title='bbox 553 1735 674 1790; x_wconf 89' lang='lat' dir='ltr'>sedebat</span> <span class='ocrx_word' id='word_1_130' title='bbox 688 1753 752 1791; x_wconf 91' lang='lat' dir='ltr'>cum</span> <span class='ocrx_word' id='word_1_131' title='bbox 765 1738 903 1793; x_wconf 87' lang='lat' dir='ltr'>ministris</span> <span class='ocrx_word' id='word_1_132' title='bbox 916 1737 954 1792; x_wconf 89' lang='lat' dir='ltr'>ad</span> <span class='ocrx_word' id='word_1_133' title='bbox 967 1739 1075 1808; x_wconf 81' lang='lat' dir='ltr'>ignem</span> 
     </span>
     <span class='ocr_line' id='line_1_21' title="bbox 119 1807 1075 1878; baseline 0.017 -18"><span class='ocrx_word' id='word_1_134' title='bbox 119 1828 147 1861; x_wconf 68' lang='lat' dir='ltr'>ut</span> <span class='ocrx_word' id='word_1_135' title='bbox 157 1807 256 1870; x_wconf 69' lang='lat' dir='ltr'>ram-o.</span> <span class='ocrx_word' id='word_1_136' title='bbox 267 1818 302 1866; x_wconf 78' lang='lat'>55</span> <span class='ocrx_word' id='word_1_137' title='bbox 322 1818 351 1868; x_wconf 85' lang='lat' dir='ltr'>et</span> <span class='ocrx_word' id='word_1_138' title='bbox 368 1814 558 1869; x_wconf 83' lang='lat' dir='ltr'>calefaciebat</span> <span class='ocrx_word' id='word_1_139' title='bbox 575 1833 614 1870; x_wconf 90' lang='lat' dir='ltr'>se.</span> <span class='ocrx_word' id='word_1_140' title='bbox 688 1817 797 1872; x_wconf 89' lang='lat' dir='ltr'>Summi</span> <span class='ocrx_word' id='word_1_141' title='bbox 812 1835 879 1874; x_wconf 90' lang='lat' dir='ltr'>vero</span> <span class='ocrx_word' id='word_1_142' title='bbox 895 1820 1075 1878; x_wconf 74' lang='lat' dir='ltr'>sacerdotes.</span> 
     </span>
     <span class='ocr_line' id='line_1_22' title="bbox 131 1873 1074 1966; baseline 0.008 -18"><span class='ocrx_word' id='word_1_143' title='bbox 131 1873 256 1960; x_wconf 69' lang='lat' dir='ltr'>lilzilill:</span> <span class='ocrx_word' id='word_1_144' title='bbox 322 1898 351 1949; x_wconf 90' lang='lat' dir='ltr'>et</span> <span class='ocrx_word' id='word_1_145' title='bbox 367 1910 450 1949; x_wconf 90' lang='lat' dir='ltr'>omne</span> <span class='ocrx_word' id='word_1_146' title='bbox 466 1895 616 1950; x_wconf 87' lang='lat' dir='ltr'>concilium</span> <span class='ocrx_word' id='word_1_147' title='bbox 631 1898 809 1966; x_wconf 80' lang='lat' dir='ltr'>quaerebant</span> <span class='ocrx_word' id='word_1_148' title='bbox 823 1899 962 1954; x_wconf 88' lang='lat' dir='ltr'>adversus</span> <span class='ocrx_word' id='word_1_149' title='bbox 977 1900 1074 1958; x_wconf 83' lang='lat' dir='ltr'>lesum</span> 
     </span>
     <span class='ocr_line' id='line_1_23' title="bbox 322 1974 1074 2050; baseline 0.011 -21"><span class='ocrx_word' id='word_1_150' title='bbox 322 1974 533 2043; x_wconf 83' lang='lat' dir='ltr'>testimonium,</span> <span class='ocrx_word' id='word_1_151' title='bbox 562 1977 595 2030; x_wconf 83' lang='lat' dir='ltr'>ut</span> <span class='ocrx_word' id='word_1_152' title='bbox 624 1994 687 2031; x_wconf 90' lang='lat' dir='ltr'>eum</span> <span class='ocrx_word' id='word_1_153' title='bbox 715 1979 799 2034; x_wconf 90' lang='lat' dir='ltr'>morti</span> <span class='ocrx_word' id='word_1_154' title='bbox 827 1980 991 2050; x_wconf 80' lang='lat' dir='ltr'>traderent,</span> <span class='ocrx_word' id='word_1_155' title='bbox 1024 2003 1074 2039; x_wconf 74' lang='lat' dir='ltr'>ner</span> 
     </span>
    </p>

    <p class='ocr_par' dir='ltr' id='par_1_15' title="bbox 268 2055 1092 2290">
     <span class='ocr_line' id='line_1_24' title="bbox 268 2055 1072 2120; baseline 0.011 -12"><span class='ocrx_word' id='word_1_156' title='bbox 268 2059 302 2109; x_wconf 81' lang='lat'>56</span> <span class='ocrx_word' id='word_1_157' title='bbox 322 2055 513 2110; x_wconf 83' lang='lat' dir='ltr'>inveniebant.</span> <span class='ocrx_word' id='word_1_158' title='bbox 551 2057 631 2111; x_wconf 88' lang='lat' dir='ltr'>Multi</span> <span class='ocrx_word' id='word_1_159' title='bbox 654 2058 729 2111; x_wconf 92' lang='lat' dir='ltr'>enim</span> <span class='ocrx_word' id='word_1_160' title='bbox 748 2060 944 2114; x_wconf 88' lang='lat' dir='ltr'>testimouium</span> <span class='ocrx_word' id='word_1_161' title='bbox 964 2061 1072 2120; x_wconf 86' lang='lat' dir='ltr'>falsum</span> 
     </span>
     <span class='ocr_line' id='line_1_25' title="bbox 322 2135 1073 2200; baseline 0.013 -12"><span class='ocrx_word' id='word_1_162' title='bbox 322 2135 457 2190; x_wconf 86' lang='lat' dir='ltr'>dicebant</span> <span class='ocrx_word' id='word_1_163' title='bbox 475 2135 614 2192; x_wconf 89' lang='lat' dir='ltr'>adversus</span> <span class='ocrx_word' id='word_1_164' title='bbox 634 2154 710 2191; x_wconf 92' lang='lat' dir='ltr'>eum:</span> <span class='ocrx_word' id='word_1_165' title='bbox 731 2141 760 2193; x_wconf 90' lang='lat' dir='ltr'>et</span> <span class='ocrx_word' id='word_1_166' title='bbox 774 2140 975 2194; x_wconf 87' lang='lat' dir='ltr'>convenientia</span> <span class='ocrx_word' id='word_1_167' title='bbox 989 2145 1073 2200; x_wconf 88' lang='lat' dir='ltr'>testi-</span> 
     </span>
     <span class='ocr_line' id='line_1_26' title="bbox 268 2215 1092 2290; baseline 0.015 -22"><span class='ocrx_word' id='word_1_168' title='bbox 268 2219 301 2268; x_wconf 82' lang='lat'>57</span> <span class='ocrx_word' id='word_1_169' title='bbox 321 2215 418 2270; x_wconf 91' lang='lat' dir='ltr'>monia</span> <span class='ocrx_word' id='word_1_170' title='bbox 435 2233 492 2270; x_wconf 90' lang='lat' dir='ltr'>nou</span> <span class='ocrx_word' id='word_1_171' title='bbox 511 2220 600 2273; x_wconf 85' lang='lat' dir='ltr'>erant.</span> <span class='ocrx_word' id='word_1_172' title='bbox 638 2217 675 2272; x_wconf 87' lang='lat' dir='ltr'>Et</span> <span class='ocrx_word' id='word_1_173' title='bbox 694 2218 810 2287; x_wconf 88' lang='lat' dir='ltr'>quidam</span> <span class='ocrx_word' id='word_1_174' title='bbox 830 2223 997 2290; x_wconf 80' lang='lat' dir='ltr'>surgenteS,</span> <span class='ocrx_word' id='word_1_175' title='bbox 1022 2221 1092 2279; x_wconf 58' lang='lat' dir='ltr'>fal-⁹</span> 
     </span>
    </p>

    <p class='ocr_par' dir='ltr' id='par_1_16' title="bbox 97 2297 1072 2529">
     <span class='ocr_line' id='line_1_27' title="bbox 322 2297 1072 2367; baseline 0.015 -18"><span class='ocrx_word' id='word_1_176' title='bbox 322 2313 386 2350; x_wconf 89' lang='lat' dir='ltr'>sum</span> <span class='ocrx_word' id='word_1_177' title='bbox 422 2297 617 2353; x_wconf 86' lang='lat' dir='ltr'>testimonium</span> <span class='ocrx_word' id='word_1_178' title='bbox 655 2298 787 2353; x_wconf 86' lang='lat' dir='ltr'>ferebant</span> <span class='ocrx_word' id='word_1_179' title='bbox 825 2298 963 2354; x_wconf 89' lang='lat' dir='ltr'>adversus</span> <span class='ocrx_word' id='word_1_180' title='bbox 997 2319 1072 2367; x_wconf 75' lang='lat' dir='ltr'>euni,</span> 
     </span>
     <span class='ocr_line' id='line_1_28' title="bbox 97 2375 1072 2447; baseline 0.018 -26"><span class='ocrx_word' id='word_1_181' title='bbox 97 2378 302 2433; x_wconf 70' lang='lat' dir='ltr'>Ji,1o;r‚u.ra58</span> <span class='ocrx_word' id='word_1_182' title='bbox 322 2375 464 2431; x_wconf 89' lang='lat' dir='ltr'>dicentes:</span> <span class='ocrx_word' id='word_1_183' title='bbox 502 2377 644 2447; x_wconf 84' lang='lat' dir='ltr'>Quoniam</span> <span class='ocrx_word' id='word_1_184' title='bbox 671 2395 723 2432; x_wconf 88' lang='lat' dir='ltr'>nos</span> <span class='ocrx_word' id='word_1_185' title='bbox 750 2380 911 2435; x_wconf 88' lang='lat' dir='ltr'>audivimus</span> <span class='ocrx_word' id='word_1_186' title='bbox 939 2397 1003 2436; x_wconf 91' lang='lat' dir='ltr'>eum</span> <span class='ocrx_word' id='word_1_187' title='bbox 1032 2387 1072 2439; x_wconf 90' lang='lat' dir='ltr'>di-</span> 
     </span>
     <span class='ocr_line' id='line_1_29' title="bbox 322 2457 1071 2529; baseline 0.012 -19"><span class='ocrx_word' id='word_1_188' title='bbox 322 2460 446 2511; x_wconf 89' lang='lat' dir='ltr'>centem:</span> <span class='ocrx_word' id='word_1_189' title='bbox 473 2457 534 2527; x_wconf 86' lang='lat' dir='ltr'>Ego</span> <span class='ocrx_word' id='word_1_190' title='bbox 560 2457 716 2512; x_wconf 86' lang='lat' dir='ltr'>dissolvam</span> <span class='ocrx_word' id='word_1_191' title='bbox 742 2461 880 2529; x_wconf 90' lang='lat' dir='ltr'>templum</span> <span class='ocrx_word' id='word_1_192' title='bbox 906 2461 959 2515; x_wconf 90' lang='lat' dir='ltr'>hoc</span> <span class='ocrx_word' id='word_1_193' title='bbox 982 2479 1071 2519; x_wconf 87' lang='lat' dir='ltr'>manu</span> 
     </span>
    </p>

    <p class='ocr_par' dir='ltr' id='par_1_17' title="bbox 322 2537 1069 2606">
     <span class='ocr_line' id='line_1_30' title="bbox 322 2537 1069 2606; baseline 0.015 -18"><span class='ocrx_word' id='word_1_194' title='bbox 322 2537 445 2606; x_wconf 82' lang='lat' dir='ltr'>factum,</span> <span class='ocrx_word' id='word_1_195' title='bbox 479 2543 508 2593; x_wconf 91' lang='lat' dir='ltr'>et</span> <span class='ocrx_word' id='word_1_196' title='bbox 541 2555 602 2606; x_wconf 47' lang='lat' dir='ltr'>per,</span> <span class='ocrx_word' id='word_1_197' title='bbox 626 2537 751 2593; x_wconf 90' lang='lat' dir='ltr'>triduum</span> <span class='ocrx_word' id='word_1_198' title='bbox 781 2541 858 2595; x_wconf 86' lang='lat' dir='ltr'>aliud</span> <span class='ocrx_word' id='word_1_199' title='bbox 885 2559 941 2597; x_wconf 92' lang='lat' dir='ltr'>non</span> <span class='ocrx_word' id='word_1_200' title='bbox 970 2560 1069 2599; x_wconf 90' lang='lat' dir='ltr'>mauu-</span> 
     </span>
    </p>

    <p class='ocr_par' dir='ltr' id='par_1_18' title="bbox 267 2616 1068 2679">
     <span class='ocr_line' id='line_1_31' title="bbox 267 2616 1068 2679; baseline 0.01 -9"><span class='ocrx_word' id='word_1_201' title='bbox 267 2621 301 2671; x_wconf 80' lang='lat'>59</span> <span class='ocrx_word' id='word_1_202' title='bbox 321 2616 429 2673; x_wconf 83' lang='lat' dir='ltr'>factum</span> <span class='ocrx_word' id='word_1_203' title='bbox 459 2618 625 2673; x_wconf 78' lang='lat' dir='ltr'>aedificabo</span> <span class='ocrx_word' id='word_1_204' title='bbox 663 2617 700 2673; x_wconf 85' lang='lat' dir='ltr'>Et</span> <span class='ocrx_word' id='word_1_205' title='bbox 725 2637 781 2675; x_wconf 92' lang='lat' dir='ltr'>non</span> <span class='ocrx_word' id='word_1_206' title='bbox 808 2624 870 2676; x_wconf 86' lang='lat' dir='ltr'>erat</span> <span class='ocrx_word' id='word_1_207' title='bbox 896 2623 1068 2679; x_wconf 85' lang='lat' dir='ltr'>conveniens</span> 
     </span>
    </p>

    <p class='ocr_par' dir='ltr' id='par_1_19' title="bbox 267 2697 1066 2852">
     <span class='ocr_line' id='line_1_32' title="bbox 267 2697 1066 2772; baseline 0.009 -20"><span class='ocrx_word' id='word_1_208' title='bbox 267 2703 302 2752; x_wconf 89' lang='grc'>60</span> <span class='ocrx_word' id='word_1_209' title='bbox 320 2699 517 2754; x_wconf 88' lang='lat' dir='ltr'>testimonium</span> <span class='ocrx_word' id='word_1_210' title='bbox 545 2697 664 2754; x_wconf 88' lang='lat' dir='ltr'>illorum.</span> <span class='ocrx_word' id='word_1_211' title='bbox 706 2699 743 2754; x_wconf 87' lang='lat' dir='ltr'>Et</span> <span class='ocrx_word' id='word_1_212' title='bbox 770 2717 911 2772; x_wconf 86' lang='lat' dir='ltr'>exurgens</span> <span class='ocrx_word' id='word_1_213' title='bbox 940 2720 1066 2759; x_wconf 82' lang='lat' dir='ltr'>summus</span> 
     </span>
     <span class='ocr_line' id='line_1_33' title="bbox 320 2777 1065 2852; baseline 0.007 -19"><span class='ocrx_word' id='word_1_214' title='bbox 320 2779 455 2834; x_wconf 87' lang='lat' dir='ltr'>sacerdos</span> <span class='ocrx_word' id='word_1_215' title='bbox 481 2778 509 2831; x_wconf 90' lang='lat' dir='ltr'>in</span> <span class='ocrx_word' id='word_1_216' title='bbox 528 2777 666 2846; x_wconf 91' lang='lat' dir='ltr'>medium,</span> <span class='ocrx_word' id='word_1_217' title='bbox 692 2780 879 2850; x_wconf 84' lang='lat' dir='ltr'>interrogavit</span> <span class='ocrx_word' id='word_1_218' title='bbox 897 2783 1002 2852; x_wconf 86' lang='lat' dir='ltr'>Iesum,</span> <span class='ocrx_word' id='word_1_219' title='bbox 1027 2786 1065 2838; x_wconf 90' lang='lat' dir='ltr'>di·</span> 
     </span>
    </p>

    <p class='ocr_par' dir='ltr' id='par_1_20' title="bbox 320 2858 1062 2934">
     <span class='ocr_line' id='line_1_34' title="bbox 320 2858 1062 2934; baseline 0.008 -21"><span class='ocrx_word' id='word_1_220' title='bbox 320 2876 402 2913; x_wconf 90' lang='lat' dir='ltr'>cens:</span> <span class='ocrx_word' id='word_1_221' title='bbox 430 2858 493 2912; x_wconf 94' lang='lat' dir='ltr'>Non</span> <span class='ocrx_word' id='word_1_222' title='bbox 511 2859 669 2927; x_wconf 87' lang='lat' dir='ltr'>respondes</span> <span class='ocrx_word' id='word_1_223' title='bbox 689 2860 844 2930; x_wconf 90' lang='lat' dir='ltr'>quidquam</span> <span class='ocrx_word' id='word_1_224' title='bbox 864 2863 967 2932; x_wconf 87' lang='lat' dir='ltr'>adea,</span> <span class='ocrx_word' id='word_1_225' title='bbox 992 2881 1062 2934; x_wconf 88' lang='lat' dir='ltr'>quae</span> 
     </span>
    </p>
   </div>
   <div class='ocr_carea' id='block_1_3' title="bbox 373 2991 1060 3092">
    <p class='ocr_par' dir='ltr' id='par_1_21' title="bbox 373 2991 1060 3092">
     <span class='ocr_line' id='line_1_35' title="bbox 373 2991 1060 3092; baseline 0.007 -57"><span class='ocrx_word' id='word_1_226' title='bbox 373 2997 400 3035; x_wconf 72' lang='lat'>46</span> <span class='ocrx_word' id='word_1_227' title='bbox 414 2991 436 3047; x_wconf 56' lang='grc' dir='ltr'><strong><em>ἕ</em></strong></span> <span class='ocrx_word' id='word_1_228' title='bbox 449 2991 474 3036; x_wconf 89' lang='lat' dir='ltr'>in</span> <span class='ocrx_word' id='word_1_229' title='bbox 488 2992 568 3037; x_wconf 83' lang='lat' dir='ltr'>Iesum</span> <span class='ocrx_word' id='word_1_230' title='bbox 602 2999 629 3037; x_wconf 62' lang='lat' dir='ltr'>{a</span> <span class='ocrx_word' id='word_1_231' title='bbox 644 2993 686 3037; x_wconf 66' lang='grc' dir='ltr'>-ἓ</span> <span class='ocrx_word' id='word_1_232' title='bbox 720 3001 746 3037; x_wconf 75' lang='grc'>49</span> <span class='ocrx_word' id='word_1_233' title='bbox 761 2995 938 3092; x_wconf 59' lang='lat' dir='ltr'>adimgleautur</span> <span class='ocrx_word' id='word_1_234' title='bbox 971 3003 995 3040; x_wconf 77' lang='lat'>53</span> <span class='ocrx_word' id='word_1_235' title='bbox 1008 3008 1060 3041; x_wconf 89' lang='lat' dir='ltr'>cou-</span> 
     </span>
    </p>
   </div>
   <div class='ocr_carea' id='block_1_4' title="bbox 320 3045 824 3156">
    <p class='ocr_par' dir='ltr' id='par_1_22' title="bbox 320 3045 824 3156">
     <span class='ocr_line' id='line_1_36' title="bbox 320 3045 824 3098; baseline 0.004 -8"><span class='ocrx_word' id='word_1_236' title='bbox 320 3045 420 3090; x_wconf 86' lang='lat' dir='ltr'>veniunt</span> <span class='ocrx_word' id='word_1_237' title='bbox 475 3047 619 3092; x_wconf 70' lang='lat' dir='ltr'>54-intro</span> <span class='ocrx_word' id='word_1_238' title='bbox 641 3054 645 3097; x_wconf 86' lang='grc' dir='ltr'>ι</span> <span class='ocrx_word' id='word_1_239' title='bbox 667 3048 824 3098; x_wconf 78' lang='lat' dir='ltr'>&gt;celsae</span> 
     </span>
     <span class='ocr_line' id='line_1_37' title="bbox 321 3098 742 3156; baseline 0.005 -14"><span class='ocrx_word' id='word_1_240' title='bbox 321 3098 413 3152; x_wconf 57' lang='lat' dir='ltr'>apost</span> <span class='ocrx_word' id='word_1_241' title='bbox 437 3101 441 3153; x_wconf 91' lang='grc' dir='ltr'>Ι</span> <span class='ocrx_word' id='word_1_242' title='bbox 467 3099 549 3156; x_wconf 51' lang='lat' dir='ltr'>qam</span> <span class='ocrx_word' id='word_1_243' title='bbox 563 3101 742 3145; x_wconf 72' lang='lat' dir='ltr'>manufactum</span> 
     </span>
    </p>
   </div>
   <div class='ocr_carea' id='block_1_5' title="bbox 667 3178 708 3222">
    <p class='ocr_par' dir='ltr' id='par_1_23' title="bbox 667 3178 708 3222">
     <span class='ocr_line' id='line_1_38' title="bbox 667 3178 708 3222; baseline 0 0"><span class='ocrx_word' id='word_1_244' title='bbox 667 3178 708 3222; x_wconf 84' lang='lat'>130</span> 
     </span>
    </p>
   </div>
   <div class='ocr_carea' id='block_1_6' title="bbox 855 3049 1059 3105">
    <p class='ocr_par' dir='ltr' id='par_1_24' title="bbox 855 3049 1059 3105">
     <span class='ocr_line' id='line_1_39' title="bbox 855 3049 1059 3105; baseline 0.01 -13"><span class='ocrx_word' id='word_1_245' title='bbox 855 3049 907 3104; x_wconf 81' lang='lat' dir='ltr'>ign.</span> <span class='ocrx_word' id='word_1_246' title='bbox 963 3057 987 3093; x_wconf 74' lang='lat' dir='ltr'>aa</span> <span class='ocrx_word' id='word_1_247' title='bbox 998 3055 1059 3105; x_wconf 86' lang='lat' dir='ltr'>per]</span> 
     </span>
    </p>
   </div>
   <div class='ocr_carea' id='block_1_7' title="bbox 0 0 1142 3433">
    <p class='ocr_par' dir='ltr' id='par_1_25' title="bbox 0 0 1142 3433">
     <span class='ocr_line' id='line_1_40' title="bbox 0 0 1142 3433; baseline 0 0"><span class='ocrx_word' id='word_1_248' title='bbox 0 0 1142 3433; x_wconf 95' lang='lat' dir='ltr'> </span> 
     </span>
    </p>
   </div>
  </div>
 </body>
</html>
