2275 3434
233 136 375 210 dae-37.
450 143 649 199 SECVNDVM
674 142 849 197 IOANNEM.

288 321 340 358 nos
369 303 521 359 adoramus
548 303 625 373 quod
652 303 775 369 scimus,
803 303 870 371 quia
896 303 976 356 salus
1003 319 1042 355 ex

175 386 269 444 31123
287 383 399 438 Iudaeis
428 389 480 439 est.
519 384 577 439 Sed
603 383 683 438 venii
710 384 796 450 hora,
824 386 854 437 et
880 399 958 436 nunc
984 386 1040 436 est.

147 447 163 480 Ε
175 448 222 489 ²’¹⁸'
288 464 402 534 quando
425 465 485 519 veri
509 463 675 519 adoratores
694 462 855 518 adorabunt
873 463 991 517 Patrem
1010 463 1038 517 iu

287 545 390 614 spiritu
405 547 434 599 et
447 545 574 599 veritate.
598 545 672 599 Nam
685 547 715 600 et
727 544 815 598 Pater
826 545 902 599 tales
916 543 1036 613 quaerit,

147 627 269 686 113124
287 623 335 695 qui
355 624 475 680 adorent
494 642 566 680 eum.
605 624 729 694 Spiritus
749 627 794 678 est
812 624 904 679 Deus:
929 627 960 678 et
979 640 1035 688 em,

123 688 164 722 ²¹³
175 690 222 730 ³¹¹⁷·
287 706 335 774 qui
352 704 472 760 adorant
487 723 560 773 eum,
579 706 609 761 in
623 705 728 774 spiritu
741 707 771 759 et
784 705 907 760 veritate
922 707 1035 774 oportet

108 841 113 852 ,
175 789 267 846 14125
287 785 413 840 adorare.
450 785 527 842 Dicit
551 786 577 840 ei
600 785 715 841 mulier:
740 784 806 839 Soio
830 785 897 854 quia
916 785 1035 839 Messias

286 866 372 933 venit,
393 867 452 935 (qui
472 867 576 921 dicitur
590 865 741 933 Christua)
762 881 825 919 cum
843 882 911 934 ergo
926 881 1000 920 vene
1017 864 1036 918 't

97 966 148 1007 aaa
164 966 221 1008 aar.
232 950 267 1000 26
286 946 340 1013 ille,
359 947 442 1001 nobis
462 947 648 1002 annunciabit
667 947 771 1001 omnia.
800 945 877 1000 Dicit
895 946 922 1000 ei
940 947 1035 1001 Iesus:

232 1028 266 1079 27
286 1026 346 1094 Ego
373 1043 452 1093 sum,
478 1027 526 1096 qui
550 1028 652 1096 loquor
669 1030 773 1081 tecum.
844 1026 882 1080 Et
900 1026 1035 1080 continuo

286 1110 425 1161 venerunt
451 1107 582 1177 discipuli
609 1107 685 1162 eius:
712 1111 741 1161 et
766 1107 944 1162 mirabantur
970 1107 1036 1176 quia

286 1203 351 1240 cum
373 1187 490 1241 muliere
508 1188 686 1257 loquebatur.
722 1187 813 1241 Nemo
831 1191 930 1241 tamen
950 1187 1036 1241 dixit:

286 1266 361 1336 Quid
394 1267 523 1336 quaeris,
557 1271 607 1322 aut
640 1267 708 1336 quid
735 1267 860 1336 loqueris
887 1283 953 1321 omn
983 1270 1036 1322 ea‘?
1120 1330 1122 1347 Ι

231 1348 267 1399 28
285 1346 410 1415 Reliquit
434 1363 501 1417 ergo
525 1347 656 1417 hydriam
676 1355 757 1401 suam
776 1347 891 1414 mulier,
918 1351 948 1401 et
968 1348 1037 1402 abiit

192 1449 221 1488 ao.
231 1428 266 1479 29
285 1426 315 1480 in
334 1427 488 1494 civitatem,
508 1431 537 1482 et
556 1426 1036 1493 (1161111113ὴοῐηὶηὼυειῑνεῃίίε,

286 1511 315 1561 et
346 1506 442 1562 videte
474 1508 633 1574 hominem,
666 1507 714 1576 qui
744 1506 817 1561 dixit
842 1506 912 1560 mihi
941 1509 1034 1562 omnia
1120 1522 1122 1537 s

286 1603 482 1657 quaecumque
501 1587 569 1642 feci:
589 1586 728 1657 numquid
746 1587 808 1656 ipse
823 1590 869 1641 est
883 1585 1031 1644 Christus?
1120 1594 1122 1601 '

231 1670 266 1721 30
284 1666 422 1722 Exierunt
447 1684 514 1737 ergo
541 1667 576 1722 de
603 1667 736 1734 civitate,
764 1671 793 1722 et
817 1666 976 1723 veniebant
998 1667 1028 1722 ad

231 1751 264 1801 31
285 1763 358 1803 eum.
430 1748 543 1803 Interea
569 1749 712 1817 rogabant
734 1764 800 1802 eum
819 1747 970 1816 discipuli,
992 1748 1029 1802 di-

191 1849 219 1883 n.
230 1832 265 1882 32
285 1831 398 1882 centes:
417 1828 518 1896 nabot,
537 1828 687 1882 manduca.
716 1829 764 1883 [lle
783 1831 880 1882 autem
894 1827 967 1884 dicit
981 1829 1032 1884 eis:

283 1907 344 1977 Ego
359 1908 453 1962 cibum
467 1908 559 1964 habeo
575 1907 756 1975 manducare,
777 1923 861 1978 quem
875 1925 928 1963 vos
943 1909 1035 1964 nesci·
1120 1924 1122 1933 ·

230 1993 264 2044 33
283 1988 329 2043 tis,
358 1988 500 2044 Dicebant
515 2005 582 2059 ergo
598 1988 729 2058 discipuli
744 1988 781 2043 ad
796 1988 932 2043 invicem:
949 1990 1036 2044 Num-

172 2090 218 2132 nn.
229 2073 265 2123 34
284 2068 352 2138 quid
375 2069 478 2139 aliquis
503 2070 600 2124 attulit
619 2069 644 2124 ei
663 2067 857 2123 manducare?
894 2069 974 2125 Dicit
994 2071 1036 2125 eis
1120 2110 1122 2147 ἓ

282 2149 378 2204 Iesus:
404 2150 484 2204 Meus
511 2151 593 2205 cibus
616 2154 661 2204 est
679 2153 712 2204 ut
730 2149 835 2203 faciam
854 2150 1036 2206 voluntatem
1120 2150 1122 2171 '

282 2230 360 2298 eim,
387 2231 434 2300 qui
461 2231 539 2285 misit
562 2246 623 2297 me,
648 2233 681 2284 ut
704 2230 849 2298 perficiam
869 2246 942 2298 opus
963 2231 1034 2286 eiua.

132 2331 160 2364 m
170 2331 217 2374 aar.
229 2315 263 2365 35
282 2310 382 2366 Nonne
396 2328 449 2366 vos
462 2311 565 2378 dicitis,
580 2310 657 2380 quod
667 2310 762 2365 adhuc
771 2313 909 2380 quattuor
917 2327 1035 2366 menses
1120 2358 1122 2371 .

143 2377 218 2418 L¹⁰‘¹‘
282 2395 358 2460 sunt,
378 2395 407 2447 et
425 2392 528 2448 messis
546 2391 646 2446 venit?
683 2390 757 2446 Ecce
776 2390 839 2446 dico
858 2390 957 2445 vohis:
980 2391 1035 2446 Le

282 2475 348 2526 vate
367 2474 464 2528 oculos
483 2475 609 2538 vestroe,
634 2475 663 2527 et
682 2472 778 2527 videte
796 2471 940 2542 regiones,
964 2473 1035 2542 quia

227 2555 262 2608 36
283 2553 364 2607 albae
393 2557 460 2606 sunt
488 2553 545 2606 iam
573 2552 610 2605 ad
635 2568 767 2606 messem.
804 2552 841 2607 Et
866 2551 915 2622 qui
939 2552 1034 2619 metit,

281 2632 440 2704 mercedem
467 2632 586 2701 accipit,
615 2635 644 2687 et
670 2636 826 2702 congregat
851 2631 978 2686 fructum
1003 2632 1032 2686 in

281 2712 371 2767 vitam
397 2715 558 2767 aeternam:
585 2717 633 2780 ut,
659 2716 687 2768 et
711 2713 759 2781 qui
782 2712 921 2779 seminat,
946 2712 1032 2766 simul

112 2814 157 2849 nea
168 2815 216 2857 aa.
226 2797 261 2850 37
280 2792 414 2862 gaudeat,
430 2796 459 2847 et
473 2793 522 2862 qui
536 2793 626 2848 metit.
651 2793 682 2848 In
697 2793 751 2849 boc
765 2792 841 2853 enim
855 2796 901 2853 est
910 2793 1031 2851 verbum

334 2971 477 3024 revenerit,
491 2969 533 3012 ille
547 2970 621 3014 nobis

333 3047 359 3083 29
374 3061 398 3073 -
414 3042 439 3084 et
546 3047 573 3084 30
587 3062 611 3074 -
627 3052 685 3096 ergo

228 3121 229 3124 ¹
333 3117 360 3154 32
375 3111 436 3156 dixit
460 3113 463 3166 Ι
488 3121 538 3156 uon
553 3111 624 3157 scitia
