2275 3434
284 166 404 222 ACTVS
427 165 709 233 APOSTOLORVM.
754 164 915 232 24‚14-25.

111 332 237 397 possunt
264 328 318 382 tibi
346 327 381 382 de
409 326 512 397 quibus
540 344 617 381 nunc
643 342 689 381 me
716 329 862 380 accusant

113 408 260 464 Confiteor
292 411 389 463 autem
421 408 475 462 hoc
501 408 569 475 tibi,
602 407 678 477 qudd
706 406 863 461 secundum
883 409 917 460 14
926 424 945 457 ε.

112 492 238 556 sectam,
265 506 351 558 quam
370 488 468 543 dieunt
489 488 646 555 haeresim,
672 488 714 541 sic
733 487 863 541 deservio

112 570 202 635 Patri,
223 574 253 623 et
272 569 333 623 Deo
352 585 424 636 meo,
444 568 562 623 credens
582 568 722 634 omnihus,
742 569 863 637 quaein

113 650 199 718 Lege,
219 654 248 703 et
262 649 413 719 Prophetis
428 649 537 718 scripta
550 653 630 703 suut:
656 665 738 718 spem
753 648 863 701 habens
884 647 918 699 15
928 662 959 697 on
971 665 1019 705 aa

113 730 142 783 in
161 730 270 796 Deum,
296 746 382 798 quam
402 732 430 783 et
453 729 483 782 hi
501 729 557 798 ipsi
576 731 745 798 expectant,
771 744 864 782 resur·
926 708 1029 750 ΗΜ·

113 810 269 865 rectionem
285 809 411 864 futuram
425 809 574 875 iustorum,
594 812 623 863 et
637 808 807 878 iniquorum.
832 808 863 862 ln
884 809 918 860 16
927 826 974 866 aa.

113 891 168 945 hoc
193 893 223 944 et
243 890 306 959 ipse
325 889 427 944 studeo
446 890 508 943 sine
528 888 699 944 offendiculo
719 888 864 943 conscien-

114 971 184 1025 tiam
204 970 311 1025 habere
331 969 367 1024 ad
381 970 482 1037 Deum,
498 972 530 1023 'et
548 969 585 1023 ad
599 968 728 1025 homines
742 985 863 1038 semper.

117 1050 183 1105 Post
199 1066 291 1105 annos
306 1054 402 1105 autem
416 1052 512 1119 plures
528 1049 723 1118 eleemosynas
734 1049 863 1108 facturus
884 1049 917 1102 17
927 1065 944 1097 a
956 1065 1044 1106 imese

116 1131 142 1185 in
161 1134 278 1201 gentem
297 1148 399 1198 meam,
418 1131 492 1197 veni,
512 1134 541 1185 et
555 1130 725 1197 oblationes
744 1134 773 1185 et
787 1134 863 1184 vota.
927 1108 946 1142 ἃ
957 1112 1004 1151 ²³⁰⁴

114 1211 258 1281 inquibus
270 1212 440 1266 invenerunt
452 1228 497 1266 me
509 1210 691 1281 purificatum
703 1211 862 1280 intemplo:
884 1211 918 1261 la
928 1226 986 1266 εμπ.

113 1308 170 1347 nou
190 1309 255 1346 cum
273 1292 366 1358 turba,
385 1308 478 1361 neque
497 1308 562 1346 cum
581 1292 713 1346 tumultu.
741 1290 863 1361 Quidam
884 1292 917 1343 19

114 1376 211 1427 autem
237 1388 272 1427 ex
291 1372 361 1426 Asia
378 1372 491 1440 ludaei,
517 1388 590 1441 quos
616 1372 768 1441 oportebat
786 1371 864 1441 apud

112 1456 141 1507 te
166 1457 284 1521 praesto
304 1468 382 1519 esse,
407 1456 436 1507 et
456 1469 592 1507 accusare
611 1452 706 1522 siquid
724 1452 864 1506 haherent

113 1532 268 1587 adversum
294 1549 353 1587 me:
392 1536 442 1587 aut
466 1533 495 1586 hi
517 1534 575 1602 ipsi
593 1532 691 1587 dicant
709 1532 803 1602 siquid
822 1533 863 1586 in·
883 1533 918 1583 20

114 1617 256 1667 venerunt
278 1613 307 1667 in
330 1629 375 1667 me
394 1613 555 1683 iniquitatis
575 1630 639 1667 cum
658 1616 732 1667 stem
751 1613 780 1666 in
799 1629 863 1667 con·

114 1694 192 1760 cilio,
210 1693 286 1747 'nisi
305 1692 340 1747 de
359 1710 417 1747 uua
435 1694 490 1748 hac
508 1693 686 1748 solummodo
704 1710 788 1760 voce,
807 1709 865 1762 qua
883 1692 915 1743 21
927 1706 975 1747 aas.

113 1773 237 1829 clamavi
262 1774 337 1827 inter
361 1790 411 1829 eos
435 1777 531 1829 stans:
558 1773 701 1843 Quoniam
718 1772 753 1827 de
773 1790 864 1827 resur·

114 1854 241 1909 rectione
260 1857 435 1908 mortuorum
452 1870 504 1922 ego
520 1853 629 1908 iudicor
642 1853 727 1908 hodie
742 1871 759 1907 a
773 1855 863 1907 vobis,

85 1934 235 1989 eeDistulit
262 1939 358 1989 autem
382 1934 445 1989 illos
464 1934 559 2000 Felix,
585 1934 744 1988 certissime
769 1935 864 1987 sciens
883 1934 918 1984 22
927 1946 985 1987 aaa·

120 2014 153 2068 de
176 2015 227 2069 via
254 2010 323 2081 hac,
351 2014 464 2069 dicens:
494 2013 565 2067 Cum
591 2014 734 2067 Tribunus
762 2013 864 2082 Lysias

120 2092 304 2161 descenderit,
324 2094 438 2150 audiam
453 2110 513 2148 vos
542 2094 685 2163 lussitque
699 2092 864 2147 Centurioni
883 2094 918 2144 23
927 2106 975 2147 ens·

117 2174 260 2230 custodire
279 2188 353 2241 eum,
373 2178 402 2229 et
420 2174 526 2229 habere
545 2174 680 2243 requiem,
699 2190 752 2227 nec
768 2190 864 2241 quem-

115 2272 201 2323 quam
221 2254 258 2309 de
276 2255 337 2309 suis
355 2254 505 2324 prohibere
524 2253 686 2307 ministrare
705 2254 739 2307 ei.
794 2253 864 2307 Post
883 2255 959 2305 24Μο
970 2266 1017 2305 oso·

14 2402 15 2407 ἵ
114 2335 224 2404 aliquot
244 2338 340 2389 autem
360 2334 420 2389 dies
435 2334 553 2389 veniens
568 2334 648 2388 Felix
662 2350 727 2387 cum
740 2333 865 2387 Drusilla

14 2432 15 2441 ¹
112 2431 203 2471 uxore
222 2432 285 2480 sua,
305 2431 377 2484 quae
398 2419 460 2470 erat
474 2414 589 2481 Iudaea,
607 2414 723 2468 vocavit
736 2414 864 2480 Paulum,

114 2499 142 2550 et
162 2494 274 2549 audivit
293 2495 329 2549 ab
349 2512 382 2550 eo
401 2495 495 2563 fidem,
515 2510 589 2564 quae
608 2498 654 2549 est
672 2495 702 2547 in
719 2494 864 2549 Christum

113 2574 216 2629 lesum.
255 2575 429 2644 Disputante
448 2580 544 2630 autem
562 2575 610 2629 illo
630 2575 665 2629 de
683 2575 809 2641 iustitia,
835 2577 864 2628 et
883 2574 941 2625 25³
953 2588 999 2627 aa.

113 2655 263 2722 castitate,
292 2660 321 2710 et
347 2655 382 2709 de
407 2655 511 2710 iudicio
537 2654 648 2722 futuro,
676 2655 863 2709 tremefactus

169 2876 194 2911 13
209 2874 232 2920 >
249 2880 330 2914 accus.
346 2880 384 2913 mc
465 2876 491 2913 14
505 2870 586 2923 patrio
601 2870 645 2914 deo
661 2882 692 2914 m.

168 2930 193 2966 18
206 2928 236 2999 stu
247 2924 307 3019 {f
316 2928 341 2987 et
355 2924 564 3001 apprehenderunt
578 2936 616 2968 me
631 2924 774 2978 clamantes
790 2925 813 2966 et
829 2923 863 2967 di·

117 2976 211 3054 centes.
226 2980 253 3021 to
263 2978 286 3020 le
301 2989 423 3021 immicum
437 2980 555 3023 nostium.

169 3038 196 3127 {i
209 3030 326 3129 11811331ῐί
353 3085 356 3138 Ι
383 3088 405 3135 >
421 3081 514 3139 prohib.
531 3085 560 3127 do
576 3085 627 3128 suis

170 3145 195 3181 24
211 3143 233 3189 >
249 3140 326 3183 iesum
341 3139 457 3182 christum
543 3145 569 3180 25
584 3137 722 3181 timefactus
736 3165 740 3173 -

479 3218 518 3263 377
