2275 3434
292 128 492 183 SECVNDVM
517 126 679 182 MARCVM.
744 129 902 196 raro-ao.

81 289 271 357 Barabham,
291 293 320 344 et
338 289 457 345 tradidit
475 291 568 344 Iesum
588 285 707 358 flagellis
723 305 847 356 caesum,

83 375 122 424 ut
144 370 371 440 crucifigeretur

168 450 274 505 Milites
303 455 353 506 aut
355 468 399 505 em
429 451 571 506 duxerunt
599 467 662 505 eum
689 451 760 504 ina
744 451 847 506 atrium
868 453 900 503 le

84 531 247 599 praetorii,
274 536 303 586 et
329 534 488 587 eoirvooant
510 534 601 587 totam
623 531 721 585 eohort
710 535 781 598 tem,
798 532 847 584 *et
869 534 900 584 17

85 611 221 666 induunt
246 629 310 666 eum
335 629 475 681 purpura,
501 616 530 666 et
554 613 704 681 imponunt
728 611 753 665 ei
773 611 847 680 pleo-

86 695 193 746 tentes
213 693 343 762 spineam
362 709 504 747 coronam.
541 692 579 746 Et
598 695 754 760 coeperunt
773 692 847 745 salu·
868 695 901 744 18

86 777 157 826 tare
183 790 263 827 eum:
289 773 348 826 Ave
368 789 419 826 rex
437 771 614 826 Iudaeorum.
652 771 688 826 Et
707 772 847 840 pereutie-
868 774 900 824 19

86 853 166 907 bant
196 858 284 921 eaput
313 854 375 906 eius
404 851 558 905 arundine:
592 855 621 905 et
649 853 847 921 conspuebant
893 867 895 872 ’

46 930 171 1008 {ferum
192 937 221 986 et
240 937 348 1002 ponent
350 948 381 985 es
400 948 503 1000 genua,
523 931 682 985 adorabant
701 949 773 985 eum.
810 931 846 987 Et
866 931 1018 1019 20Mt2273}
1020 980 1041 1011 a
1113 959 1114 968 =

90 1016 253 1081 postquam
278 1012 427 1066 illuserunt
453 1011 492 1077 ei,
519 1015 659 1066 exuerunt
685 1000 1035 1110 5¹¹1¹ml³1¹¹·}f9⁸1²0⁸3⁴3

91 1109 223 1160 pura,e
207 1092 413 1147 etinduerunt
432 1109 496 1145 eum
515 1092 695 1146 vestimentis
715 1092 790 1146 suis:
817 1097 846 1146 et

51 1170 223 1249 sseduount
256 1173 334 1227 illum
366 1176 398 1227 ut
430 1172 630 1241 crucifigerent
658 1189 729 1226 eum.
809 1173 845 1226 Et
864 1175 995 1235 ‘alumna

92 1254 321 1322 angariaverunt
346 1256 576 1322 praetereuntem
600 1253 775 1322 quempiam,
803 1253 845 1306 Si-

91 1349 210 1387 monem
225 1333 402 1402 Cyrenaeum
417 1333 579 1387 venientem
594 1333 629 1387 de
644 1333 718 1400 vitta,
733 1338 844 1402 patrem

53 1413 262 1508 ⁰¹⁰Alexandri,
289 1419 318 1469 et
336 1415 413 1480 Ruti,
438 1417 471 1467 nt
497 1414 609 1469 tolleret
636 1431 748 1468 crucem
774 1414 843 1468 eius.

53 1484 130 1562 ’ξΕΕ
149 1495 311 1562 perducunt
329 1495 433 1548 illum
426 1512 454 1548 m
474 1493 617 1563 Golgotha
636 1495 742 1548 locum:
768 1494 878 1562 quod
864 1498 898 1546 22

55 1578 139 1628 ¹¹est
158 1573 378 1644 interpretatum
394 1574 542 1628 Calvariae
560 1575 648 1628 locus
675 1568 718 1628 Et
735 1573 844 1628 dabant
863 1578 1001 1636 931220992

64 1635 121 1708 ei
144 1655 242 1709 bibele
265 1655 442 1725 myrrhatum
461 1655 572 1709 ninum:
600 1660 628 1710 et
647 1673 703 1709 non
723 1655 842 1723 aceepit.

56 1734 85 1758 ²¹
68 1735 132 1811 Et
158 1736 356 1805 crucifigentes
383 1752 462 1802 eum,
489 1735 647 1789 diviserunt
671 1735 843 1788 testimenta
863 1738 1001 1798 Qunam.

59 1815 172 1907 ⁰¹3eius,
197 1817 347 1870 mittentes
372 1819 478 1869 sortem
502 1817 664 1885 superem,
692 1816 755 1884 quis
775 1815 843 1884 quid

67 1937 85 1961 ‚0
59 1882 215 1950 tollere
252 1896 321 1950 Erat
309 1900 400 1950 au
402 1913 445 1950 em
474 1896 580 1950 horat
568 1901 625 1950 tert
628 1897 669 1948 ia:
699 1899 727 1949 et
755 1895 842 1948 cruci·
862 1897 897 1946 2.)

61 1970 218 2048 ¹*tinemut
248 1995 319 2030 euin
364 1975 400 2030 Et
388 1980 491 2030 terat
479 1977 554 2030 ttit
556 1978 619 2030 utus
648 1992 753 2030 causae
782 1975 842 2028 eius
862 1979 896 2027 26

62 2055 106 2086 ²¹⁵
73 2056 216 2138 inscript
217 2074 262 2110 us:
277 2057 340 2111 Rnx
354 2071 528 2111 iunnnoauu.
575 2057 612 2110 Et
627 2073 690 2110 eum
706 2072 739 2110 eo
755 2055 842 2108 eruci·
862 2059 895 2107 27

62 2114 187 2230 qgfigunt
175 2135 273 2191 tduos
286 2139 327 2192 lat
315 2142 424 2192 tiones:
444 2153 590 2190 nnuma
580 2137 696 2202 dextris
712 2138 741 2189 et
756 2135 842 2188 alium

63 2234 116 2283 a
129 2215 250 2272 sinistis
265 2219 333 2272 eius.
359 2218 395 2271 Et
410 2217 509 2285 implet
511 2234 527 2269 a
542 2220 587 2270 est
602 2217 753 2284 scriptura,
769 2231 841 2284 quae
861 2221 896 2269 28

63 2300 90 2327 ¹¹⁷
83 2296 178 2351 dior
192 2297 228 2352 Et
216 2303 306 2352 teum
321 2298 425 2367 iniquis
441 2300 543 2365 reputa
526 2301 591 2350 atus
608 2301 659 2350 est.
710 2296 841 2365 Etprae-
861 2302 895 2351 29
905 2318 1064 2362 noemma
1113 2363 1114 2366 Ἴ

72 2355 206 2432 ⁶ttereun
208 2395 239 2432 es
248 2379 488 2447 blasphemabant
498 2393 570 2443 eum
586 2380 734 2431 moventes
745 2377 842 2445 oaprt
907 2365 964 2406 ¹⁴¹⁵⁸·
1113 2375 1114 2378 ’

100 2474 157 2523 sua,
171 2463 199 2512 et
187 2458 307 2512 tdicent
295 2463 351 2512 tes:
365 2459 426 2512 Vah
437 2475 486 2527 qur
478 2457 560 2512 des
549 2457 621 2512 truis
632 2458 769 2526 emplum
779 2457 840 2523 Der

101 2539 176 2592 etin
199 2540 290 2593 trihus
314 2539 422 2592 diebus.
439 2538 620 2593 reaedificas:
660 2538 769 2592 salvum
794 2537 840 2591 fao
861 2544 895 2593 30

37 446 71 472 ao?

49 502 61 528 4

151 2819 248 2861 rahane

150 2897 173 2933 21
187 2901 313 2942 cyreneum

151 2969 175 3004 23
187 2964 318 3005 murratum

152 3042 175 3076 28
189 3034 320 3086 adimpleta

152 3113 218 3148 roua
243 3106 246 3158 Ι
272 3104 376 3148 destruit
402 3105 405 3156 Ι
432 3103 515 3146 -Dei
540 3105 544 3155 Ι
571 3103 684 3147 aedificat

456 3183 496 3228 133
