2275 3434
241 164 363 221 ACTVS
385 163 668 223 APOSTOLORVM.
713 168 875 236 teat-38.

70 328 213 397 sanguine
231 328 365 383 omnium.
393 329 456 384 Non
473 330 548 384 enim
563 329 734 399 subterfugi,
753 347 821 399 quo·
839 334 968 395 27J1s,s.

71 411 166 464 minus
184 410 387 465 annunciarem
402 426 484 465 omne
500 410 649 465 eonsilium
662 410 716 465 Dei
730 411 821 465 vobis.

72 490 221 545 Attendite
238 490 329 558 vobiS,
348 495 377 545 et
396 491 529 546 universo
547 491 636 561 gregi,
655 491 684 545 in
699 508 755 561 quo
770 506 822 545 vos
840 493 910 545 2812.
921 514 968 553 iis.

74 571 198 640 Spiritus
224 574 343 625 sanctus
367 572 464 640 posuit
484 572 635 641 episcopos
654 587 753 641 regere
771 571 823 625 Ec·
886 557 981 643 ἶῖἷζζῗ·

75 651 190 705 alesiam
209 650 278 718 Dei,
304 668 390 720 quarn
416 652 570 721 acquisivit
595 652 737 721 sanguine
761 668 822 706 suo.

75 732 132 800 Ego
149 732 210 786 scio
225 732 359 801 quoniam
374 732 523 787 intrabunt
536 736 604 801 post
618 732 826 798 discessionem·
842 736 876 785 ‘29
887 752 915 786 ut
924 754 975 793 ms
988 753 1046 793 msc.

76 828 167 866 meam
180 812 241 881 lupi
255 827 376 880 rapaces
390 812 419 865 in
429 830 490 880 vos,
504 830 561 867 non
571 817 724 882 parcentes
733 813 822 881 gregi.
886 796 970 838 ”⁰³¹²

76 892 109 947 Et
128 909 164 946 ex
183 892 266 946 vobis
284 891 356 961 ipsis
375 896 515 961 exurgent
528 893 582 947 viri
597 894 746 962 loquentes
760 909 824 962 per·
842 886 981 972 3032322

78 989 166 1040 versa,
181 976 214 1027 ut
229 970 374 1027 abducant
388 972 542 1041 discipulos
557 976 625 1042 post
638 990 678 1028 se.
704 974 826 1042 Propter
842 976 875 1027 31
887 994 918 1027 ue
930 994 1017 1034 seem.

80 1052 150 1121 quod
179 1052 296 1121 vigilate
324 1053 461 1107 memoria
488 1052 660 1108 retinentes:
689 1054 823 1123 quoniam
887 1039 996 1080 ¹T¹¹²¹¹¹'

79 1150 125 1201 per
143 1132 299 1187 triennium
317 1137 401 1187 nocte
421 1136 450 1187 et
469 1133 514 1187 die
533 1151 591 1188 non
609 1134 735 1202 cessavi,
759 1150 824 1187 cum
901 1145 903 1150 ·

78 1213 209 1283 lacrymis
227 1229 346 1267 monens
365 1230 596 1283 unumquemque
614 1218 751 1269 vestrum.
787 1213 826 1269 Et
843 1216 878 1268 32
889 1235 973 1276 oens.

78 1310 150 1348 nunc
176 1293 343 1349 commendo
368 1310 420 1348 vos
446 1294 519 1361 Deo,
545 1299 575 1349 et
599 1295 688 1350 verbo
713 1296 825 1365 gratiae
887 1281 985 1367 ῗέὅῗῆῗῑρ,

77 1374 176 1443 ipsius,
195 1373 243 1443 qui
262 1376 365 1442 potens
382 1376 428 1428 est
442 1374 602 1442 aedificare,
621 1379 651 1429 et
664 1374 732 1429 dare
744 1375 825 1430 here·

78 1454 197 1509 ditatem
221 1454 251 1507 in
274 1454 461 1510 sanctificatis
481 1455 621 1510 omnibus.
658 1456 824 1524 Argentum,
843 1458 877 1509 33
889 1477 979 1553 yffi

78 1541 103 1589 et
123 1550 234 1601 aurum,
253 1537 303 1589 aut
319 1537 429 1589 vestem
447 1536 552 1589 nullius
571 1536 731 1605 concupivi,
749 1536 825 1589 sicut
889 1566 942 1599 lgm
955 1566 1001 1606 m.
1113 1574 1132 1609 ,3

79 1616 150 1685 'ipsi
177 1614 273 1669 scitis:
300 1614 434 1685 quoniam
453 1615 490 1669 ad
509 1632 552 1683 ea,
572 1616 733 1685 quaemihi
752 1632 824 1685 opus
843 1619 1046 1678 Mosarna.

78 1700 167 1763 erant,
188 1695 288 1761 ethis,
307 1695 355 1764 qui
369 1712 481 1750 mecum
496 1701 573 1764 sunt,
591 1696 826 1763 ministraverunt
845 1688 851 1712 ⁸
889 1682 937 1713 ¹T¹¹
949 1682 985 1722 ⁹³·

78 1794 179 1831 manus
197 1776 280 1830 istae.
318 1774 421 1830 Omnia
440 1776 552 1831 ostendi
571 1777 666 1844 vobis,
691 1776 825 1846 qnoniam
844 1777 879 1829 35

79 1858 117 1911 sic
136 1858 316 1923 laboranteS,
335 1860 449 1925 oportet
467 1857 614 1925 suscipere
631 1856 772 1924 infirmos,
792 1873 826 1909 ac

80 1938 241 1992 meminisse
267 1936 346 1991 verbi
365 1936 479 1990 Domini
497 1936 577 2003 Iesu,
603 1936 738 2006 qnoniam
763 1938 826 2005 ipse

85 2017 162 2073 dixit:
184 2017 303 2071 Bestius
322 2019 368 2071 est
381 2016 474 2085 magis
489 2015 566 2083 dare,
586 2018 672 2086 quam
687 2018 825 2086 accipere.

82 2098 114 2152 Et
137 2116 204 2153 eum
230 2098 301 2151 haec
327 2096 462 2163 dixisset,
490 2096 594 2165 positis
618 2098 740 2165 genibus
765 2097 826 2151 suis
845 2101 937 2160 titos,
1132 2140 1133 2171 ,

81 2180 170 2234 oravit
185 2195 249 2232 eum
265 2178 396 2232 omnibus
411 2177 474 2231 illie.
496 2175 616 2245 Magnus
631 2181 728 2231 autem
741 2177 826 2231 ssetns
845 2182 879 2232 37
889 2200 936 2239 aa.
951 2197 968 2229 n
980 2198 1038 2238 ran.
1112 2172 1126 2217 κ’

80 2259 174 2313 sactus
200 2262 246 2313 est
272 2258 411 2313 omnium:
440 2262 470 2311 et
494 2257 715 2325 procumbentes
740 2274 827 2326 super
890 2243 926 2275 ¹¹'
937 2244 984 2283 ³⁶⁴·

79 2340 181 2394 coitum
213 2338 309 2405 Pauli,
342 2339 545 2393 osculabantur
578 2354 656 2404 eum,
676 2336 826 2392 'dolentes
846 2342 880 2393 38
890 2361 919 2392 2⁶.

79 2420 202 2474 maxinie
234 2420 263 2473 in
295 2418 396 2486 verbo,
429 2418 504 2488 quod
533 2418 660 2485 dixerat,
692 2418 826 2486 quoniam
891 2404 977 2445 ¹‘⁰¹²’¹'

80 2500 202 2569 amplius
230 2500 334 2554 faciem
362 2500 422 2553 eius
450 2517 507 2553 non
535 2503 633 2552 essent
658 2498 754 2551 visuri.
791 2498 829 2551 Et

81 2580 261 2634 deducebant
280 2596 345 2633 eum
364 2579 401 2633 ad
420 2596 530 2633 navem.

135 2898 160 2936 29
174 2903 226 2947 rap.
241 2896 249 2944 ]
265 2904 354 2946 graves
485 2942 486 2945 Ἴ

137 2970 163 3007 33
177 2966 223 3016 et]
240 2966 282 3009 ant
306 2965 310 3019 Ι
337 2986 360 2996 -
376 2964 440 3008 sicut

137 3044 162 3078 sc
176 3041 199 3087 >
215 3048 268 3081 cum
283 3048 347 3080 omn.
361 3036 410 3079 iliis
425 3035 504 3080 oravit

443 3224 484 3267 365
