2275 3434
231 161 280 216 AD
305 160 679 219 THESSALONICENSES
693 161 718 216 Ἰ.
755 161 906 230 alo-35.

100 322 190 378 nibus
210 322 411 391 adversantur,
435 323 621 392 prohibentes
639 339 692 378 nos
712 322 852 378 Gentibus
874 325 906 377 16
917 339 948 374 an
962 343 1019 382 aaa

100 403 183 473 loqui
202 407 235 458 ut
253 405 350 458 salvae
368 405 448 471 fiant,
467 407 500 458 ut
513 404 652 473 impleant
666 407 786 472 peccata
801 420 853 457 sua
916 387 1026 472 Μὲᾆὲἕξὲ,

101 501 232 553 semper:
251 485 382 554 pervenit
401 485 477 540 enim
495 485 538 538 ira
552 485 606 538 Dei
620 501 707 554 super
725 484 787 539 iilos
807 500 853 538 us·
916 477 932 508 ¹¹
944 478 1001 518 ²¹3⁸·

102 581 162 634 que
180 564 209 618 in
227 565 321 619 finem.

73 657 93 701 8
177 645 236 700 Nos
265 650 362 700 autem
389 645 494 700 fratres
520 644 641 701 desolati
668 661 685 700 a
709 644 791 700 vobis
817 643 854 698 ad
874 647 933 698 HR
947 664 1022 704 nnis.

103 729 221 794 tempus
235 725 331 793 horae,
346 729 475 795 aspectu,
488 743 546 780 non
556 725 649 792 corde,
661 724 853 780 abundantius
917 705 953 740 ‘¹⁰²
965 709 1023 749 ²⁰’³⁸'

104 806 307 860 festinavimus
322 805 426 860 faeiem
435 810 563 861 vestram
575 805 671 861 videre
687 823 750 860 oum
765 806 853 860 multo

104 885 261 940 desiderio:
288 887 423 956 quoniam
448 886 589 941 voluimus
607 887 704 941 venire
731 887 852 940 advos:
875 889 908 940 18

104 983 160 1036 ego
180 966 295 1036 quidem
313 967 428 1034 Paulae,
447 970 476 1022 et
495 968 598 1035 semel,
618 970 647 1022 et
666 967 783 1034 iterum,
803 965 855 1020 sed
1123 1019 1124 1022 ,

104 1046 256 1116 impedivit
273 1064 327 1102 nos
345 1051 474 1102 satanas,
503 1047 583 1117 Quae
603 1050 648 1102 est
667 1047 742 1102 enim
756 1050 855 1101 nostra
876 1050 1008 1106 l9n1a1o³
1021 1068 1057 1106 ai.

106 1143 183 1196 spen,
199 1131 249 1182 aut
262 1126 407 1196 gaudium,
423 1131 474 1182 aut
488 1144 594 1182 corona
607 1127 735 1196 gloriae?
754 1127 855 1182 Nonne
919 1111 968 1143 ²T¹¹
982 1113 1010 1142 ¹⁴
1123 1127 1124 1136 ’

105 1224 159 1263 vos
178 1211 245 1262 ante
263 1207 417 1262 Dominum
441 1211 572 1262 nostrum
596 1208 690 1263 Iesum
710 1207 855 1262 Christum

105 1288 179 1342 estis
198 1288 228 1341 in
246 1287 372 1342 adventu
392 1289 473 1342 eius?
510 1306 563 1343 vos
583 1289 658 1342 enim
677 1288 747 1343 estis
765 1287 856 1356 gloria
875 1291 910 1342 20
1123 1335 1124 1348 ἢ

80 1373 208 1423 9nostra
226 1372 255 1422 et
273 1368 417 1438 gaudium.
468 1369 590 1438 Propter
604 1368 680 1439 quod
694 1386 751 1423 non
770 1367 856 1422 susti·
875 1361 895 1432 3
919 1387 956 1423 Aa
968 1391 1056 1432 unna.
1123 1411 1124 1432 1

104 1453 210 1504 nentes
229 1449 359 1517 amplius,
378 1450 486 1518 placuit
504 1450 587 1504 nohis
606 1465 753 1504 remanere
770 1449 856 1503 Athe·
1123 1459 1124 1516 ζ

104 1530 161 1596 nia,
180 1529 262 1584 solis:
284 1532 313 1584 et
331 1530 461 1584 misimus
471 1530 652 1584 Timotheum
671 1530 789 1584 fratrem
808 1546 856 1584 no·
876 1534 892 1584 2
920 1548 957 1584 aa
970 1552 1044 1592 ιαμ-3.
1123 1583 1124 1586 ,

105 1614 208 1675 strum,
227 1613 257 1664 et
274 1609 436 1664 ministrum
455 1611 509 1664 Dei
527 1611 557 1664 in
575 1611 730 1679 Evangelio
751 1609 855 1663 Christi
889 1617 895 1632 ’

105 1690 144 1745 ad
163 1690 372 1744 confirmandos
391 1707 452 1758 vos
471 1694 500 1744 et
519 1690 713 1745 exhortandos
731 1707 783 1760 pro
801 1689 856 1742 fide

105 1775 219 1826 vestra:
238 1774 271 1824 ut
289 1787 372 1825 nemo
398 1774 548 1825 moveatur
571 1771 600 1824 in
623 1770 856 1825 tribulationibus
876 1776 892 1825 3
920 1793 990 1868 {3313
999 1793 1079 1868 {rona
1123 1765 1124 1826 J

994 1857 998 1878 ‚
1013 1859 1017 1868 .

108 1852 187 1905 istis:
203 1850 260 1919 ipsi
274 1851 348 1904 enim
363 1850 444 1904 scitis
458 1849 535 1918 quod
545 1850 574 1904 in
588 1850 643 1904 hoo
652 1851 739 1920 positi
749 1867 856 1904 sumus,

110 1931 180 1986 Nam
201 1934 314 1986 etcum
338 1930 416 2000 apud
439 1947 491 1985 vos
511 1947 655 1997 essemm,
674 1930 856 1999 praedioeha-
876 1934 893 1984 4
921 1953 970 1984 nm
982 1953 1029 1992 aa.

112 2028 171 2066 mus
185 2010 268 2066 vohis
287 2028 425 2080 passuros
443 2028 496 2066 nos
510 2010 719 2078 tribulationes
739 2013 814 2065 siout
829 2015 858 2064 et
920 1994 957 2029 ¹¹⁰²
970 1999 1026 2038 ψ·

77 2092 220 2146 10t'aotum
231 2095 284 2158 est,
295 2095 325 2146 et
334 2091 423 2147 saitis.
451 2091 609 2160 Propterea
624 2095 652 2145 et
668 2107 720 2160 ego
737 2092 857 2160 amplius
877 2095 893 2144 5
920 2113 948 2144 pi
960 2114 1007 2153 aa.

108 2189 166 2228 non
184 2173 347 2239 suminam,
372 2172 438 2226 misi
463 2172 501 2226 ad
524 2171 754 2241 cognoscendam
772 2170 858 2226 fidem

107 2255 250 2307 vestram:
266 2269 302 2306 ne
317 2252 391 2306 forte
405 2252 562 2307 tentaverit
577 2268 629 2306 vos
643 2252 677 2319 ia,
692 2252 740 2320 qni
755 2254 857 2318 tentat,

71 2340 98 2384 11
109 2337 139 2388 et
153 2333 248 2387 inanis
262 2333 314 2387 fiat
328 2333 410 2387 labor
423 2337 529 2387 noster.
575 2333 658 2387 Nune
672 2336 768 2386 autem
782 2331 858 2384 veui·
878 2339 894 2385 6
922 2351 958 2386 aa
971 2355 1017 2394 oa.

108 2416 175 2468 ente
182 2412 332 2470 Timotheo
343 2412 380 2467 ad
388 2430 440 2468 nos
448 2430 465 2468 a
473 2413 563 2481 vohis,
572 2417 601 2468 et
608 2412 800 2467 annunciante
810 2429 858 2465 no-

106 2495 154 2548 bis
164 2493 250 2548 fidem
261 2498 290 2547 et
302 2493 472 2547 charitatem
483 2497 618 2562 vestram,
634 2497 663 2548 et
678 2493 745 2562 quia
754 2509 859 2546 memo-

107 2575 180 2629 riam
191 2574 282 2629 nostri
292 2573 405 2628 habetis
414 2573 520 2628 honam
529 2591 651 2644 semper,
663 2572 858 2628 desiderantes

108 2673 162 2709 nos
170 2654 277 2722 videre,
287 2655 362 2709 sicut
377 2658 406 2709 et
414 2672 467 2708 nos
478 2672 592 2724 quoque
606 2673 670 2710 vos:
686 2654 750 2709 ideo
761 2670 859 2708 conso·
878 2659 894 2707 7
922 2675 971 2708 ari
985 2677 1019 2715 1,4.

164 2823 190 2858 16
202 2815 330 2870 praevenit
355 2816 358 2868 Ι
384 2818 449 2867 [eru]
465 2817 554 2869 autem)
581 2817 585 2867 1
611 2817 692 2870 (sup.]
708 2818 810 2868 semper)

165 2885 190 2921 19
204 2888 318 2922 eoronam
333 2881 357 2918 F
372 2878 375 2927 Ι
393 2900 416 2910 -
433 2878 554 2922 Christum
570 2877 693 2930 [mallet
709 2880 713 2931 Ι
730 2879 859 2922 adveutum

165 2951 326 3006 a,1(-non)

164 3020 222 3056 am.
240 3013 330 3056 domini
345 3015 370 3053 F
393 3014 397 3066 Ι
422 3013 595 3056 confortandos
610 3012 654 3065 ff

165 3082 178 3118 4
191 3075 394 3129 praedicabamus
408 3078 434 3116 F
439 3075 467 3127 (h

167 3138 230 3182 ahia
244 3140 270 3178 F
356 3145 408 3179 ⁶·-
424 3139 448 3182 et
461 3139 488 3180 4⁰

476 3217 517 3261 519
