2275 3434
268 126 409 192 lla-ao.
496 125 695 180 SECVNDVM
715 124 876 180 MARCVM.

323 275 383 340 ¹via:
411 287 457 340 alii
485 290 580 341 autern
607 287 723 342 frondes
750 286 910 341 caedebant
933 285 974 340 de
994 288 1082 340 arb·-

121 384 257 425 rnapmo.
286 367 408 433 tribua,
428 371 456 421 et
476 369 644 423 sternebant
663 368 761 422 invia
794 368 831 421 Et
845 367 893 436 qui
907 367 1081 435 praeibam.
1104 362 1106 401 3

322 451 350 501 et
370 448 417 516 qui
437 447 632 517 sequebantur
651 449 823 514 clamabant,
843 447 993 502 dieentes:

356 536 507 590 Hosanna:

270 618 303 668 10
357 616 538 683 Benedictus
559 617 607 686 qui
626 617 704 672 venit
723 618 752 671 in
771 617 884 671 nornine
903 615 1046 672 Domini:
1104 658 1106 677 ,

356 696 539 751 benedictum
554 696 630 766 quod
644 697 723 752 venit
739 714 857 766 regnum
872 696 967 766 patris
984 701 1079 751 nostri
1104 686 1106 707 '

392 776 500 831 David:

356 857 494 912 Hosanna
512 859 542 912 in
562 856 691 912 excelsis.

120 973 147 1005 Mt
159 926 257 1014 llsssfla,
269 948 300 998 11
321 945 357 1001 Et
376 947 504 1003 introivit
522 947 725 1016 lerosolymam
744 947 773 1000 in
792 946 945 1014 templum:
973 952 1006 1002 et
1029 951 1082 1002 eir-

133 1018 148 1050 ¹¹
160 1019 258 1060 ¹⁰¹⁴⁵’⁴⁸·
322 1028 495 1096 cumspectis
521 1027 666 1095 omuibus
692 1026 832 1081 cunilam
851 1042 978 1094 vespera
1000 1038 1080 1082 esset

321 1107 400 1174 hora,
420 1107 489 1162 exiit
508 1107 537 1161 in
557 1107 728 1162 Bethaniam
747 1124 811 1161 euru
831 1105 995 1162 duodecim.

270 1189 303 1240 12
393 1188 430 1242 Et
443 1188 499 1241 alia
509 1187 554 1242 die
568 1203 633 1242 curn
648 1188 758 1242 exirent
769 1205 786 1241 a
796 1187 948 1253 Bethania,
963 1192 1080 1244 esuriit.

100 1282 167 1326 aaa
183 1285 258 1326 rap-o.
270 1269 303 1320 13
323 1267 451 1337 Cumque
464 1266 585 1322 vidisset
601 1268 714 1336 alonge
729 1269 814 1321 ficum
826 1267 982 1321 habentem
998 1270 1079 1324 folin.

322 1348 401 1402 venit
425 1348 449 1401 si
474 1347 542 1417 quid
566 1347 640 1401 forte
664 1347 804 1402 inveniret
827 1347 856 1400 in
878 1363 920 1400 ea.
959 1351 992 1402 et
1014 1369 1078 1404 eun¹

323 1428 450 1482 venisset
476 1426 611 1494 adeam,
637 1427 706 1481 nihil
725 1427 835 1481 invenit
853 1430 970 1496 praeter
991 1430 1078 1484 folia:

231 1527 259 1559 20.
271 1511 305 1561 14
323 1525 380 1562 non
406 1507 481 1561 enim
507 1511 569 1560 erat
594 1512 708 1576 tempus
732 1507 858 1561 ficorum.
895 1507 931 1561 Et
955 1524 1078 1579 respou-

324 1588 394 1642 dens
418 1587 490 1641 dixit
513 1587 552 1641 ei:
578 1587 638 1640 lam
657 1605 714 1641 non
734 1587 855 1656 amplius
874 1588 903 1640 in
923 1589 1077 1645 aeternum

324 1686 360 1722 ex
378 1670 407 1722 te
422 1667 546 1722 fructum
562 1667 714 1736 quisquam
729 1666 891 1721 manducet.
924 1667 961 1720 Et
977 1671 1077 1725 audie-

146 1765 260 1808 rim-n.
271 1749 304 1800 15
323 1749 394 1802 bant
413 1747 544 1816 discipuli
564 1747 634 1801 eius,
671 1747 708 1801 Et
726 1747 845 1801 veniunt
861 1747 1077 1816 lerosolymam.

326 1828 385 1882 *Et
405 1845 468 1883 oum
486 1827 635 1882 introisset
653 1827 682 1881 in
696 1828 843 1896 templum,
862 1827 956 1896 eoepit
971 1828 1079 1885 eiicere

325 1908 496 1977 vendentes,
520 1912 549 1961 et
568 1910 696 1962 ementes
715 1908 744 1960 in
763 1907 884 1976 templo:
909 1911 938 1961 et
955 1924 1077 1964 mensas

324 1988 562 2055 numulariorum,
590 1992 618 2042 et
642 1987 795 2042 cathedras
818 1987 1005 2042 vendentium
1034 2009 1076 2045 αο-

273 2071 305 2120 16
324 2068 436 2123 lumbas
462 2068 573 2123 evertit.
611 2073 640 2122 et
660 2085 717 2123 non
737 2067 851 2121 sinebat
869 2071 901 2121 ut
920 2067 1075 2138 quisquam

182 2168 202 2200 ι.
214 2168 260 2208 aar.
273 2151 304 2200 17
325 2149 495 2203 transferret
504 2165 556 2203 vas
566 2166 618 2218 per
627 2149 778 2217 templum:
794 2152 823 2202 et
833 2147 964 2215 docebat,
975 2149 1075 2205 dicens

177 2210 260 2244 ’Μ’
326 2230 381 2283 eis:
405 2229 505 2284 Nonne
529 2229 667 2298 scriptum
692 2231 751 2281 est:
779 2228 853 2297 Quia
876 2227 977 2281 domus
1000 2247 1075 2285 mea.

326 2310 426 2364 domus
445 2309 583 2364 orationis
602 2308 752 2363 vocabitur
771 2308 902 2362 omnibus
921 2309 1074 2377 gentibus?

325 2391 382 2445 Vos
402 2395 498 2445 autem
518 2390 630 2444 fecistis
650 2405 714 2444 eam
733 2390 899 2457 speluncam
922 2389 1074 2446 latronum.

273 2473 306 2524 18
326 2471 387 2540 Quo
408 2471 504 2527 audito
523 2471 668 2540 principes
688 2468 883 2537 sacerdotum,
907 2473 936 2524 et
955 2469 1073 2526 Soribae
1085 2465 1093 2485 ¹'

326 2553 503 2620 quaerebant
517 2549 659 2620 quomodo
675 2565 739 2603 eum
754 2549 918 2618 perderent:
934 2549 1073 2606 timebant

326 2632 401 2686 enim
425 2649 502 2699 eum,
527 2629 662 2699 quoniam
685 2630 820 2683 universa
844 2629 929 2683 turba
953 2629 1073 2685 admira-

274 2715 306 2765 19
324 2712 411 2767 batur
434 2709 520 2780 super
541 2710 671 2764 doctrina
689 2710 759 2764 eius
813 2709 934 2764 Etcum
953 2726 1072 2780 vespera
1082 2704 1096 2727 ¹

234 2811 263 2844 n.
272 2796 307 2845 20
326 2793 405 2847 faeta
419 2794 505 2858 esset,
521 2789 722 2859 egrediebatur
735 2790 771 2844 de
784 2789 908 2844 civitate.
959 2790 994 2844 Et
1008 2809 1069 2845 eum

379 2977 392 3010 o
407 2979 501 3012 osanna
515 2977 546 3012 eu
626 2975 651 3012 11
664 2968 842 3022 hierosolyma,
856 2974 874 3009 a
888 2972 921 3009 1⁵.
929 2972 955 3008 27

381 3037 407 3072 n
422 3035 444 3080 >
461 3031 538 3083 quisq.
553 3031 625 3074 fruet.
641 3042 670 3073 ex
683 3033 708 3074 te

381 3094 512 3146 rozuan.
527 3092 616 3136 iterum
641 3093 644 3145 Ι
671 3091 776 3135 -in10
856 3098 883 3133 17
896 3100 947 3134 non

673 3169 714 3214 118
