2275 3434
211 163 334 231 8344.
496 163 546 220 AD
572 163 757 221 ROMANOS.

264 328 294 378 to
312 325 391 379 Iesu:
412 325 461 394 qui
479 342 536 380 nou
555 325 712 380 secundum
726 342 840 380 comem
856 325 1011 379 ambulant.

63 417 110 457 sur.
123 416 200 456 cram.
228 399 244 450 2
264 396 323 450 Lex
343 396 417 450 enim
436 397 555 464 spiritus
575 398 652 452 vitae
674 398 704 450 in
723 396 837 451 Christo
856 397 923 452 Iesu
945 398 1013 451 libe-

41 486 112 530 σιμ.
125 486 152 519 m
164 487 200 528 aa.
229 471 244 520 3
264 468 338 522 ravit
357 484 402 522 me
422 469 519 536 alege
538 469 650 537 peccati
670 473 698 523 et
712 469 822 523 mortis
848 469 923 523 Nam
937 468 1013 538 quod

87 529 198 618 Μξξέςῖὓῑ
264 539 440 608 impossibile
460 544 522 594 erat
540 541 605 608 legi,
623 540 652 593 in
672 557 728 608 quo
745 540 945 594 infirmabatur
963 556 1014 608 per

61 621 77 653 fl
90 621 200 662 mum·
265 627 394 664 carnem:
421 611 499 665 Deus
518 611 607 664 filium
626 628 710 665 suum
729 611 847 665 mittens
866 612 895 665 in
915 611 1015 665 simili-

264 680 392 736 tudinem
412 682 505 735 camis
524 682 647 751 peccati,
667 686 696 736 et
711 681 746 736 de
760 684 880 750 peccato
895 681 1015 736 damna-

93 770 200 816 ommr.
228 753 306 806 ivit
331 757 480 822 peccatum
507 753 536 807 in
564 769 665 820 carne,
693 757 726 807 ut
751 753 918 808 iustificatio
942 754 1015 822 legis

264 823 430 893 impleretur
448 824 477 878 in
495 824 593 892 nobiS‚
620 825 669 894 qui
694 841 751 878 non
775 824 934 879 secundum
953 842 1015 878 car-

264 912 329 949 nem
362 895 557 964 ambulamus,
593 895 645 949 sed
679 894 836 949 secundum
870 895 1014 964 spiritum.

228 969 244 1020 5
265 966 318 1036 Qui
339 967 414 1020 enim
433 967 591 1021 secuudum
610 983 725 1021 carnem
744 970 826 1020 sunt:
853 984 929 1037 quae
952 984 1014 1021 car·

264 1039 308 1092 nis
318 1041 395 1104 sunt,
410 1039 534 1108 sapiunt.
562 1039 612 1108 qui
626 1055 694 1092 vero
708 1038 866 1092 secundum
880 1038 1015 1107 spiritum

152 1130 199 1171 uu.
228 1113 244 1162 6
264 1114 342 1163 suut:
363 1126 437 1179 quae
456 1113 523 1164 sunt
542 1109 670 1178 spiritus,
689 1110 825 1164 sentiunt.
853 1109 927 1164 Nom
946 1119 1052 1179 pru-19

265 1179 362 1234 dentis
394 1181 503 1245 carnis,
536 1198 613 1236 mors
641 1183 701 1235 est:
729 1179 883 1250 prudentia
914 1185 1014 1236 autem

102 1271 199 1312 utrum.
229 1252 398 1320 7spiritusr,
427 1253 502 1319 vita,
532 1257 561 1307 et
588 1269 656 1322 pax.
702 1252 837 1321 quoniam
868 1252 1015 1321 sapientia

51 1315 65 1348 ³
77 1317 200 1403 fflfflff}
265 1323 358 1376 camis
385 1323 499 1378 inimica
524 1327 569 1378 est
594 1323 671 1377 Deo:
699 1323 756 1392 legi
782 1323 857 1377 enim
875 1323 930 1377 Dei
956 1341 1014 1378 non

228 1396 245 1446 8
264 1397 309 1447 est
329 1394 472 1448 subiecta:
493 1411 545 1448 nec
564 1395 640 1449 enim
659 1398 764 1464 potest.
793 1394 848 1463 Qui
867 1398 966 1449 autem
984 1395 1015 1448 iu

42 1478 136 1518 rrum
149 1477 199 1520 um
229 1468 244 1517 9
264 1481 348 1518 came
368 1470 450 1533 suut,
474 1465 534 1520 Deo
554 1467 666 1534 placere
685 1483 743 1520 non
768 1469 898 1535 possunt.
955 1467 1020 1529 Vos

86 1523 199 1608 ¹⁵¹²‹i's2c
265 1539 360 1591 autem
381 1537 410 1591 iu
429 1553 513 1592 carne
532 1553 589 1592 nou
609 1538 692 1604 estis
716 1536 815 1592 sedin
842 1537 961 1606 spiritu:
988 1538 1014 1590 si

264 1611 361 1662 tamen
380 1609 498 1678 spiritus
517 1608 571 1663 Dei
593 1609 708 1663 habitat
732 1609 761 1662 in
785 1608 876 1663 vobis.
914 1608 1013 1678 Siquis

265 1684 361 1733 autem
381 1679 519 1748 Spiritum
538 1679 644 1734 Christi
671 1697 728 1734 non
753 1680 855 1734 habet:
881 1679 929 1734 hic
955 1697 1012 1734 uon

123 1770 199 1812 oum
211 1753 245 1804 10
265 1754 309 1804 est
337 1751 405 1805 eius.
444 1751 474 1806 Si
503 1755 600 1806 eutem
626 1751 759 1806 Christus
787 1752 817 1805 in
840 1750 924 1805 vobis
954 1754 1010 1805 est:

112 1817 199 1903 {¹2¹5ss
264 1838 367 1890 corpus
391 1822 506 1892 quidem
532 1827 675 1877 mortuum
699 1827 744 1876 est
768 1826 886 1892 propter
910 1839 1008 1891 pecca·

264 1897 333 1958 tum,
349 1894 466 1962 spiritus
477 1910 543 1948 vero
554 1893 625 1948 vivit
640 1896 757 1963 propter
770 1894 1009 1948 iustificationum

100 1986 140 2018 εκ
151 1988 199 2028 mr.
211 1968 242 2019 11
265 1963 346 2034 Quod
365 1965 389 2019 si
409 1964 533 2034 Spiritus
554 1965 624 2030 eius,
643 1965 692 2034 qui
711 1965 862 2019 suscitavit
880 1964 977 2018 Iesum
995 1981 1013 2018 a

263 2037 391 2103 mortuiS,
406 2036 563 2090 habitatin
578 2036 673 2090 vobis:
688 2036 736 2104 qui
751 2035 903 2090 suscitavit
918 2035 1014 2089 lesum

265 2105 410 2162 Christum
436 2125 453 2162 a
477 2107 611 2174 mortuis,
637 2107 794 2161 vivificabit
823 2110 851 2160 et
878 2107 1014 2160 mortalia

265 2195 383 2247 corpora
397 2183 502 2246 vestra,
517 2182 634 2248 propter
650 2178 858 2233 inhabitantem
873 2176 1014 2247 Spiritum

264 2250 325 2302 eius
344 2250 373 2303 in
392 2249 482 2304 vobis.

133 2334 199 2374 uma.
211 2323 244 2374 12
334 2320 409 2389 Ergo
424 2320 528 2375 fratres
543 2321 688 2375 debitores
703 2337 802 2374 sumus
812 2321 967 2387 noncami,
980 2325 1014 2374 ut

134 2402 151 2435 G
163 2405 199 2444 oe·
212 2395 244 2445 13
264 2390 419 2446 secundum
431 2409 545 2447 carnem
555 2392 694 2447 vivamus
720 2392 752 2446 Si
767 2392 841 2446 enim
854 2391 1013 2446 secundum

85 2450 100 2481 r.
112 2449 198 2490 ΨΜ
264 2479 378 2517 carnem
397 2463 534 2529 vixeritis,
553 2463 724 2518 moriemini:
749 2463 774 2517 si
793 2466 890 2517 autem
908 2463 1012 2532 spiritu

212 2537 244 2588 14
264 2533 343 2589 facta
362 2534 456 2589 camis
470 2535 719 2601 mortificaveritis,
738 2535 848 2588 vivetis.
878 2533 1012 2603 Quicum-

264 2622 318 2674 que
339 2605 413 2660 enim
432 2606 534 2675 spiritu
549 2605 602 2660 Dei
618 2609 750 2675 aguntur,
768 2606 789 2658 ii
803 2609 871 2660 suut
884 2605 934 2659 filii
947 2605 1011 2659 Dei.

315 2757 406 2810 elegis
425 2757 429 2810 Ι
448 2768 491 2810 per
505 2768 572 2800 curu.
587 2773 604 2800 ο.
617 2773 673 2811 seqq.
687 2758 775 2800 σακε]
791 2758 794 2807 Ι
813 2757 843 2800 de
856 2760 900 2810 p.]
914 2757 1012 2810 propter

262 2813 388 2865 peccatum
407 2811 430 2851 A
498 2817 552 2853 5-
568 2813 626 2854 suut
643 2812 671 2854 3⁰
705 2814 708 2859 Ι
742 2812 828 2860 sent]
848 2810 947 2864 sapiunt
965 2809 1012 2855 &A

263 2873 313 2908 o·-
330 2864 438 2917 esrum
501 2863 832 2908 rinimicitioestindcum
847 2863 893 2911 &A
918 2866 922 2915 Ι
947 2868 1011 2912 eu]

264 2921 344 2961 autem
358 2919 380 2958 A
400 2925 403 2969 Ι
422 2917 540 2961 subicitur
554 2917 620 2971 &A
651 2926 664 2960 9
680 2921 702 2968 >
717 2929 766 2960 non
781 2919 826 2960 est.
842 2917 867 2960 in
882 2928 955 2960 carue
969 2917 1014 2969 §F

264 2979 288 3013 10
303 2971 367 3024 quid.
383 2976 391 3022 ]
409 2971 473 3014 euim
487 2971 524 3011 F1
554 2972 558 3025 Ι
591 2970 860 3024 vivit-1vitumAF1
909 2976 933 3012 11
948 2971 1012 3013 vivi-

263 3025 346 3068 ficavit
360 3023 455 3078 affl!
469 3046 492 3057 -
503 3035 569 3076 corp.
580 3028 662 3068 vestra
676 3025 713 3064 ΕΙ
741 3031 766 3067 13
779 3023 930 3068 mortificatis
944 3022 1012 3076 {CA

264 3078 414 3120 mortificetis
428 3080 453 3118 F
505 3084 530 3120 14
544 3078 569 3120 hi
585 3078 638 3130 [Π
649 3077 691 3130 hii)
711 3079 714 3132 Ι
733 3077 768 3120 fili
781 3078 850 3131 w
865 3078 868 3130 Ι
888 3080 911 3127 >
922 3076 939 3119 i.
955 3079 1013 3120 suut

265 3131 304 3173 dei
317 3129 383 3183 ΜΛ
403 3131 458 3181 >f.
474 3130 513 3173 dei
528 3133 585 3173 sunt
598 3134 624 3171 F

607 3209 648 3254 406
