2275 3434
306 171 505 228 SECVNDVM
529 173 705 229 IOANNEM.
779 175 920 244 iat-36.

114 332 261 388 hominem
294 350 395 388 sanum
428 334 484 388 feei
516 334 546 389 in
579 335 723 391 sabbato?
772 336 866 391 Nolite
884 340 976 399 itan.

116 411 242 467 iudicare
268 413 426 468 secundum
453 413 572 482 faeiem,
598 415 650 469 sed
668 415 776 469 iustum
794 415 866 470 iudi·

116 492 190 547 cium
218 492 353 548 iudicate.
426 494 569 549 Dicebant
595 512 662 565 ergo
688 495 805 565 quidam
830 513 866 551 ex
884 498 1036 559 hoamen.

114 572 311 643 lerosolymis:
337 574 437 630 Nonne
462 575 509 629 hio
534 578 595 643 est,
620 592 706 645 quem
724 582 866 646 quaerunt

115 654 296 709 interficere?
333 654 370 709 Et
389 670 455 710 ecoe
473 656 569 724 palam
588 656 725 726 loquitur,
748 660 778 711 et
796 656 865 712 nihil
884 660 919 711 26

117 733 143 787 ei
168 732 275 789 dicunt
313 734 458 804 Numquid
482 752 549 790 vere
577 740 772 805 cognovemnt
789 737 864 806 prin·

116 813 193 883 cipes
211 813 280 884 quia
296 814 343 869 hio
357 818 402 869 est
417 813 567 870 Christus?
597 815 654 871 Sed
668 816 744 871 hunc
758 817 865 872 snmus
883 822 957 871 2741.

114 894 189 949 mide
209 894 262 949 sit:
288 894 420 949 Christus
440 899 535 950 autem
555 912 620 950 curn
639 897 763 963 venerit,
781 913 864 952 nemo

90 968 168 1048 ssseit
188 974 265 1029 unde
284 973 332 1029 sit.
360 974 513 1030 Clamabat
531 992 599 1045 ergo
613 976 693 1031 Iesus
712 977 741 1031 in
757 978 864 1046 templo
883 981 918 1032 28

115 1054 232 1121 docens,
250 1058 279 1110 et
298 1054 411 1109 dicens:
437 1055 474 1110 Et
492 1073 538 1111 me
557 1056 648 1124 scitis,
667 1061 697 1112 et
714 1058 791 1112 unde
810 1058 864 1113 sim

115 1134 210 1189 scitis:
231 1136 259 1189 et
279 1152 296 1189 a
314 1151 360 1189 me
379 1135 442 1205 ipso
461 1153 518 1191 non
536 1136 616 1204 veni,
635 1137 687 1191 sed
706 1141 752 1193 est
769 1154 864 1205 neme,

113 1214 161 1285 qui
187 1214 268 1269 misit
292 1232 351 1283 me,
376 1231 462 1285 quem
484 1234 537 1271 vos
560 1218 687 1273 nescitis.
724 1217 785 1287 Ego
804 1218 863 1273 scio
882 1214 1024 1281 ittonae.

113 1312 192 1349 eum:
218 1294 289 1365 quia
313 1294 350 1349 ab
375 1294 439 1365 ipso
464 1313 544 1364 sum,
570 1300 600 1351 et
624 1296 687 1367 ipse
711 1315 757 1353 me
775 1298 863 1353 misit.

88 1368 300 1448 {Quaerebant
318 1391 385 1444 ergo
404 1392 469 1431 eum
488 1377 716 1446 apprehendere:
735 1382 765 1433 et
779 1395 863 1434 nemo
882 1382 1040 1441 30aao;o,1.

114 1454 192 1510 misit
215 1456 245 1509 in
271 1455 350 1509 illum
368 1472 486 1523 manue,
513 1458 581 1526 quia
599 1457 726 1513 nondum
744 1464 863 1515 venerat
926 1444 1011 1485 ”²²

87 1528 183 1609 {hora
208 1535 280 1591 eius.
334 1535 377 1590 De
402 1538 489 1591 turbe
514 1541 611 1592 autem
635 1538 718 1593 multi
737 1539 862 1594 credide·
881 1543 914 1595 31
925 1561 1052 1603 eo;1o‚o;

110 1618 179 1671 runt
201 1616 231 1670 in
251 1632 331 1682 eum,
356 1619 386 1671 et
404 1616 554 1673 dicebant:
581 1618 713 1673 Christus
732 1635 797 1673 eum
815 1637 862 1675 ve·
948 1607 1010 1647 ”⁹⁴⁶³
1026 1607 1085 1648 ’ψ’

109 1696 194 1763 nerit,
214 1695 353 1766 numquid
371 1697 454 1766 plura
473 1697 556 1767 signa
575 1698 664 1754 faciet
682 1702 769 1769 quam
788 1717 862 1770 quae

109 1776 156 1831 hic
176 1776 269 1831 facit?
323 1776 483 1832 Audierunt
496 1777 645 1833 Pharisaei
658 1781 773 1834 turbam
787 1798 861 1834 mur·
880 1784 915 1835 32

88 1848 273 1929 ssmrirantem
299 1856 335 1911 de
360 1857 408 1911 illo
434 1858 521 1912 haec:
547 1858 601 1913 *et
623 1859 763 1915 miserunt
785 1861 861 1930 prin·

112 1938 198 2007 cipes,
214 1940 245 1991 et
253 1936 402 1991 Pharisaei
414 1937 562 1993 ministros
571 1943 605 1994 ut
615 1940 862 2009 apprehenderent

93 2006 182 2087 {eam
223 2016 303 2071 Dixit
327 2033 395 2086 ergo
420 2018 461 2072 eis
480 2018 575 2073 Iesus:
599 2019 701 2074 Adhuc
718 2020 862 2075 modicum
880 2024 984 2083 331⁸».

115 2098 226 2167 tempus
247 2096 393 2151 vobiscum
412 2114 490 2153 sum:
517 2102 545 2153 et
564 2099 638 2154 vado
659 2098 793 2166 adeum,
813 2101 861 2169 qui

89 2166 154 2247 {me
179 2176 270 2231 misit.
307 2176 457 2246 Quaeretis
483 2195 543 2245 me,
570 2183 600 2234 et
617 2196 675 2234 non
693 2180 860 2235 invenietis:
880 2185 1049 2244 34⁸,2131an2

110 2259 141 2310 et
167 2256 218 2311 uhi
246 2272 300 2326 ego
328 2274 407 2325 sum,
439 2274 491 2313 vos
519 2277 576 2314 non
604 2260 727 2329 potestis
755 2260 860 2315 venire.
948 2248 1005 2289 ¹⁷³⁴·

111 2335 252 2391 Dixeruni
286 2354 353 2406 ergo
380 2337 477 2394 ludaei
511 2338 548 2393 ad
575 2341 764 2409 semetipsos:
797 2341 860 2410 Qud
880 2345 982 2403 35nao.

113 2415 159 2469 hic
184 2416 278 2472 iturus
306 2423 366 2484 est,
395 2418 463 2487 quia
489 2436 546 2474 non
570 2420 749 2476 inveniemus
775 2422 860 2476 eum?
922 2404 994 2449 ³⁰¹’¹‘
1007 2408 1082 2450 ¹¹²¹‘¹'

111 2496 249 2566 numquid
268 2497 298 2551 in
317 2496 524 2567 dispersionem
542 2499 677 2555 Gentium
695 2501 787 2556 itums
807 2505 860 2569 est,

110 2578 140 2631 et
154 2574 291 2631 docturus
302 2577 428 2632 Gentes?
447 2579 517 2648 Quis
533 2584 579 2633 est
594 2580 640 2634 hic
654 2597 756 2648 senno,
776 2598 860 2651 quem
879 2587 914 2637 36

110 2654 197 2710 dixit:
226 2656 377 2726 Quaeretis
393 2666 464 2726 me,
494 2663 523 2713 et
550 2677 607 2714 non
636 2660 802 2716 invenietis:
831 2667 861 2718 et

108 2734 160 2789 ubi
179 2752 243 2790 sum
262 2752 325 2807 ego,
344 2753 396 2792 vos
414 2755 467 2793 nos
486 2740 609 2807 potestis
628 2741 745 2796 venire?

164 2893 191 2936 28
205 2890 228 2938 >
244 2886 298 2933 doc.
313 2889 338 2932 in
352 2889 442 2943 templo
457 2890 523 2933 iesus

163 2950 280 2995 33-010
305 2952 310 3002 1
336 2955 359 3002 >
375 2952 443 2996 misit
456 2963 493 2995 me

163 3016 190 3055 34
204 3012 322 3065 quaeritis
348 3017 351 3067 Ι
378 3018 469 3064 >suro
485 3026 531 3069 ego

164 3080 190 3117 aa
204 3084 231 3119 se
245 3075 313 3130 ipsos

164 3144 191 3180 3⁶
205 3138 321 3191 quaeritis

473 3218 513 3263 233
