2275 3434
239 183 407 251 dev-nnn
445 184 565 240 ACTVS
589 183 870 241 APOSTOLORVM.

241 347 274 397 37
294 361 411 414 genere,
427 347 432 384 ¹
448 362 512 399 oum
538 345 658 401 haberet
681 362 795 416 agnum,
821 344 949 401 vendidit
968 360 1044 411 eum,

295 430 324 481 et
357 425 454 481 attulit
486 426 625 495 pretium,
662 430 693 481 et
724 426 821 495 posuit
853 429 921 480 ante
953 424 1044 494 pedes

294 505 503 575 Apostolorum.

254 576 275 648 5
366 587 414 642 Vir
433 590 528 642 autem
548 587 664 657 quidam
684 586 797 642 nomine
815 587 959 654 Ananias,
979 589 1082 641 euml?

182 685 230 727 nn.
258 665 417 736 ttSaphira
442 683 530 723 uxore
554 685 606 723 sua
626 666 754 722 vendidit
773 684 889 737 agium,
913 671 944 723 et
968 667 1044 722 frau-

294 747 374 802 davit
400 747 434 802 de
459 748 551 817 pretio
575 748 652 817 agri,
678 748 794 803 conseia
812 763 900 803 uxore
919 764 989 803 sus:
1015 752 1045 803 et

294 826 418 882 afferens
436 833 548 897 purtem
567 828 736 897 quamdam,
757 828 796 883 ad
813 827 902 897 pedes
920 829 1045 898 Aposto-

157 924 231 968 σιω.
258 908 384 963 3lorum
409 909 513 977 posuit.
551 908 631 963 Dixit
657 912 754 964 eutem
778 909 895 963 Petrus:
922 909 1045 975 Ananis,

295 1006 345 1045 our
371 989 496 1044 tentavit
523 992 643 1044 satanas
671 1006 721 1044 cor
747 993 843 1056 tuum,
871 989 988 1045 mentiri
1015 994 1045 1045 te

295 1066 414 1138 Spiritui
439 1073 554 1136 saneto,
580 1074 609 1125 et
635 1069 768 1125 fraudare
793 1069 829 1124 de
847 1070 942 1139 pretio
961 1070 1045 1139 egri?

259 1151 276 1201 4
294 1148 395 1204 Nonne
413 1166 532 1205 manens
550 1150 605 1205 tibi
622 1150 773 1217 manebat,
797 1154 828 1205 et
846 1150 1046 1206 venundatum

295 1230 323 1285 iu
338 1234 389 1285 tua
403 1234 466 1285 erat
479 1231 644 1300 potestate?
668 1230 763 1301 Quare
776 1230 901 1300 posuisti
912 1230 945 1285 in
959 1230 1047 1286 eorde

294 1314 344 1365 tuo
371 1310 445 1365 hanc
463 1312 542 1366 rem?
579 1310 643 1366 Non
662 1328 694 1366 es
713 1311 851 1366 mentitus
869 1310 1047 1379 hominibus5

259 1392 276 1443 5
295 1390 346 1447 sed
360 1391 430 1446 Deo.
457 1391 584 1446 Audiens
603 1395 701 1447 autem
714 1391 841 1447 Ananias
857 1391 931 1447 haee
947 1393 1047 1460 verbs,

209 1513 214 1522 .
294 1471 414 1540 cecidit,
444 1475 475 1527 et
502 1472 652 1541 expiravit.
695 1470 732 1527 Et
759 1472 855 1527 factus
883 1477 930 1527 est
957 1473 1048 1529 timor

259 1555 414 1621 dmsgnus
442 1569 529 1622 super
556 1569 670 1629 omnes,
698 1552 746 1622 qui
775 1552 936 1608 audieuuit.
976 1552 1048 1609 Sur·

293 1635 394 1701 gentes
427 1637 523 1689 autem
555 1633 674 1688 iuvenes
704 1636 872 1689 amoverunt
900 1650 983 1702 eum,
1016 1640 1047 1691 et
1129 1651 1131 1678 ³

258 1716 274 1765 7
294 1712 446 1769 efferentes
474 1714 656 1784 sepelierunt.
728 1713 849 1769 Factum
873 1717 920 1769 est
945 1719 1047 1771 autem

294 1794 377 1862 quasi
395 1793 529 1849 horarum
547 1794 634 1850 trium
652 1794 787 1864 spatium,
807 1798 836 1849 et
854 1811 927 1849 uxor
941 1795 1046 1865 ipsius,

258 1876 275 1925 8
293 1874 425 1929 nesciens
443 1873 519 1944 quod
538 1875 649 1950 fectum
667 1874 771 1942 fuerat,
788 1874 926 1931 introivit.
962 1876 1046 1931 Dixit

294 1958 390 2009 autem
415 1955 442 2009 ei
461 1955 578 2010 Petrus:
604 1954 658 2009 Dic
682 1953 751 2009 mihi
776 1954 892 2022 mulier,
917 1955 944 2009 si
967 1957 1045 2011 tanti
1128 1991 1130 1994 -

293 2051 393 2104 ugrum
407 2034 599 2090 vendidistis?
626 2033 665 2090 At
680 2034 829 2090 illedixit:
847 2034 945 2090 Etiam
958 2037 1043 2091 tanti

257 2117 273 2165 9
292 2114 395 2169 Petvus
420 2118 516 2170 autem
535 2114 573 2169 ed
591 2130 670 2169 eum:
696 2114 771 2185 Quid
788 2115 889 2184 utique
906 2117 1045 2172 convenit

292 2194 375 2249 vobis
399 2198 511 2250 tentare
530 2194 669 2265 Spiritum
687 2195 822 2250 Domini?
858 2193 933 2249 Eone
951 2196 1044 2266 pedes

293 2290 399 2342 eorum,
418 2274 466 2343 qui
482 2276 657 2345 sepelierunt
670 2276 762 2330 virum
777 2279 858 2330 tuum
873 2274 916 2329 adx
924 2276 1043 2342 ostium,
1127 2307 1129 2310 ·

181 2348 185 2356 ’
240 2357 274 2408 10
293 2358 322 2410 et
347 2353 467 2410 efferent
488 2359 526 2411 te.
564 2355 724 2411 Confestim
742 2354 846 2411 eeoidit
864 2359 932 2410 ente
950 2356 1043 2426 pedes

293 2435 369 2501 eius,
395 2438 425 2489 et
450 2436 600 2504 expiravit.
637 2436 780 2491 Intrnntes
805 2438 902 2491 antem
919 2436 1042 2493 iuvenes

292 2514 462 2569 invenerunt
480 2514 556 2570 illem
574 2519 732 2571 moituam:
758 2519 788 2571 et
806 2517 985 2584 extulerunt,
1011 2522 1042 2572 et

239 2597 271 2649 11
292 2595 465 2664 sepelierunt
493 2594 530 2649 ed
557 2595 649 2650 virum
677 2612 768 2650 suum.
804 2594 842 2651 Et
869 2595 967 2651 faetus
994 2602 1042 2652 est
1126 2629 1128 2638 =

291 2674 377 2731 timor
407 2691 530 2744 magnus
563 2675 592 2729 in
621 2675 756 2731 universe
782 2675 919 2744 ecelesia,
952 2681 983 2733 et
1011 2678 1040 2731 in

292 2770 400 2821 omnen,
419 2754 468 2823 qui
487 2753 639 2811 audierunt
656 2755 735 2811 haee.

291 2884 503 2891 —....—.-—-.-..

344 2940 503 3057 {Telmun}
519 2994 577 3049 Η
591 2995 622 3040 od
636 2994 757 3040 Ananiam

346 3051 508 3111 osupen'11n
533 3059 536 3101 1
562 3048 692 3093 audierant

343 3102 587 3207 gffgoiiospondit
611 3154 615 3208 Ι
642 3175 665 3187 -
680 3154 766 3199 multer

634 3233 676 3279 310
