2275 3434
228 117 397 192 aar-cro.
513 129 562 186 An
587 130 773 194 somnos.

278 281 333 337 hoc
352 288 492 357 temporo:
512 294 545 346 ut
564 293 603 348 sit
621 294 683 364 ipse
701 297 805 368 iustus
822 305 852 355 ct
865 302 1024 361 iustificans

85 362 257 419 rr1,a.o1.27
278 378 355 432 eum,
380 368 429 436 qui
455 374 500 424 cst
526 388 562 426 ex
586 374 642 429 fide
664 377 730 432 Iesu
749 378 862 436 Christi.
900 384 957 439 Ubi
980 391 1062 442 estro

278 459 345 513 ergo
367 448 499 515 gloriatio
522 455 592 507 tua?
628 456 752 514 Exclusa
770 464 823 516 est.
864 464 921 518 Per
939 484 1025 535 quam

276 523 389 592 legem?
415 528 588 587 Factorum?
613 535 691 591 Non:
711 539 763 593 sed
776 557 829 609 per
841 543 936 613 legem
948 546 1024 602 fidoi.

135 615 153 649 c
164 620 211 661 raa
222 603 257 654 28
275 604 455 663 Arbitramur
464 612 539 667 enim
553 614 701 671 iustificari
716 618 857 677 hominem
872 641 926 693 per
938 626 1026 683 fidem

152 684 256 742 mariti
275 684 337 741 siue
356 689 491 756 operibus
510 692 590 763 legis.
622 696 667 751 Au
680 698 849 756 Iudaeorum
863 704 943 760 Deus
959 712 1025 763 tan-

274 767 356 820 tum?
380 784 473 825 nonne
493 777 522 827 et
541 773 694 832 Gentium?
726 780 815 837 Immo
833 788 863 838 et
878 785 1024 844 Gentium.

133 844 255 901 c,11.1s.30
274 846 538 919 quoniamquidem
557 872 632 911 unus
651 863 697 913 est
710 859 797 930 Deus,
816 865 864 933 qui
883 866 1025 925 iustificat

273 925 516 987 circumcisionem
545 951 581 989 ex
607 937 677 1006 fido,
705 944 735 995 ct
762 946 946 1014 praeputium
971 966 1025 1019 per

79 1018 107 1050 a.
119 1020 208 1062 amsa.
219 1004 251 1056 31
273 1004 365 1062 fidem.
407 1010 513 1081 Legem
539 1031 607 1085 ergo
636 1018 810 1078 destruimus
834 1042 887 1095 per
912 1028 1023 1085 fidem?

121 1062 208 1107 ΝΜ·
271 1085 369 1159 Absit:
390 1090 441 1145 sed
460 1092 551 1161 legem
571 1098 733 1155 statuimus.

230 1154 253 1225 4
343 1168 417 1237 Quid
445 1188 512 1243 ergo
543 1173 670 1233 dicemus
701 1183 847 1241 invenisse
874 1188 1022 1247 Abraham

234 1246 252 1297 2
270 1249 382 1314 patrem
401 1255 530 1308 nostrum
550 1258 706 1315 secundum
726 1268 863 1321 carnem?
892 1268 922 1323 Si
943 1273 1021 1327 enim

270 1325 414 1383 Abraham
433 1348 468 1386 ex
487 1337 622 1404 oporibus
647 1341 820 1401 iustificatus
844 1344 904 1416 est,
930 1350 1021 1408 habet

114 1416 205 1495 orbus·
233 1405 404 1478 3gloriam,
432 1412 483 1468 sed
511 1432 568 1470 non
596 1420 673 1487 apud
700 1422 800 1480 Deum.
837 1428 913 1497 Quid
942 1434 1019 1487 enim

121 1465 205 1551 onufrii?
269 1484 338 1541 dicit
357 1488 526 1560 Scriptura?
560 1496 688 1555 Credidit
712 1503 857 1561 Abraham
880 1510 960 1566 Deo:
989 1518 1019 1569 et

157 1580 204 1621 aa.
231 1566 432 1635 imputatum
461 1578 506 1629 est
533 1576 574 1631 illi
602 1579 639 1634 ad
664 1580 811 1641 iustitiam.
849 1588 883 1643 Ei
910 1596 1018 1661 autem,

87 1620 114 1655 Μ’
126 1624 203 1666 ²⁰⁹⁷'¹⁴'
267 1647 316 1714 qui
331 1655 474 1721 operatur,
492 1672 602 1713 merces
616 1678 672 1715 non
686 1662 845 1734 imputatur
857 1672 1016 1728 secundum

231 1725 404 1799 dgratiam,
430 1734 481 1788 sed
509 1739 667 1795 secundum
693 1742 828 1802 debitum.
875 1749 908 1804 Ei
938 1770 1013 1820 vero,

266 1806 314 1874 qui
333 1826 390 1865 non
409 1819 552 1885 oporatur,
572 1820 698 1879 credenti
713 1828 809 1881 autem
823 1831 852 1882 in
871 1846 947 1899 eum,
967 1835 1009 1903 qui

264 1886 402 1947 iustificat
416 1894 542 1965 impium,
552 1904 703 1969 reputatur
717 1905 788 1961 fides
804 1908 864 1963 cius
880 1911 918 1965 ad
932 1912 1011 1969 iusti·
1126 1991 1128 1994 Ι

99 1978 123 2011 rs
134 1980 199 2023 sam.
228 1968 244 2018 6
264 1966 334 2022 tiam
353 1972 510 2029 secundum
523 1982 703 2048 propositum
717 1986 828 2055 gratiae
843 1989 905 2045 Dei,
931 1993 1014 2049 Siout

264 2052 293 2101 et
307 2048 401 2106 David
417 2052 485 2109 dicit
499 2056 707 2117 beatitudinem
721 2066 852 2137 hominia,
872 2072 917 2125 cui
933 2074 1013 2129 Deus

263 2133 382 2199 accepto
401 2132 458 2189 fert
475 2135 617 2193 iustitiam
636 2142 698 2199 sinc
717 2148 866 2215 operibus:

226 2209 242 2259 7
293 2208 384 2279 Beati,
404 2230 524 2282 quorum
543 2221 682 2278 remissae
700 2230 768 2282 sunt
786 2228 965 2302 iniquitates
981 2240 1013 2291 et

368 2309 487 2361 quorum
505 2300 584 2353 tecta
602 2307 671 2358 sunt
687 2311 816 2374 peccata.

224 2369 241 2419 8
313 2369 421 2427 Beatus
447 2376 505 2443 vir,
532 2380 579 2433 cui
605 2398 662 2437 non
689 2386 843 2456 imputavit
868 2392 1008 2451 Dominus

365 2458 525 2520 peccatum.

104 2536 135 2573 on
148 2542 193 2585 :aa
223 2528 239 2579 9
336 2529 489 2590 Beatitudo
522 2554 590 2610 crgo
622 2543 694 2600 haec
724 2548 754 2603 in
789 2551 1003 2611 circumcisione

257 2609 370 2665 tantum
406 2618 520 2685 manet,
563 2638 599 2675 an
642 2626 729 2681 etiam
765 2629 794 2684 in
831 2636 1002 2703 praeputio?

257 2686 385 2745 Dicimus
428 2694 503 2751 enim
547 2702 615 2769 quia
656 2710 791 2774 reputata
833 2715 878 2767 est
914 2715 1004 2771 Abra·

204 2768 238 2820 10
256 2766 310 2823 hae
351 2770 423 2827 fides
465 2775 502 2830 ad
537 2779 686 2840 iustitiam.
748 2789 896 2859 Quomodo
935 2812 1004 2866 ergo

307 2881 372 2919 26-
388 2880 477 2935 etur
504 2886 573 2934 >ex
590 2888 690 2936 fldocst
709 2895 713 2947 Ι
735 2916 759 2928 -
775 2896 1004 2953 unanimum

253 2933 281 2969 30
295 2949 319 2960 -
335 2933 373 2973 est
401 2933 404 2985 Ι
431 2934 575 2983 iustitioavit
588 2941 630 2994 {A
651 2947 715 2990 -abit
729 2948 752 2995 G

307 2983 347 3037 4,2
361 2994 399 3037 op.
414 2986 477 3041 logis
492 2990 541 3044 μ’
580 2999 730 3054 3>script
745 3002 792 3048 dic.
814 3007 817 3056 Ι
839 3007 861 3049 oi
875 3010 901 3049 F
938 3017 1002 3054 ere-

253 3035 391 3086 putatur
425 3044 529 3094 suero]
545 3047 662 3103 autema
682 3055 686 3104 Ι
709 3075 732 3087 -
747 3062 900 3105 scc....Doi
914 3063 1001 3117 [ms

252 3087 462 3141 amputantes
498 3103 867 3157 o-orgodl-tantmanot
881 3115 886 3169 Ι
902 3120 1005 3161 aneon

597 3178 638 3223 398
