2275 3434
239 148 397 214 law-29.
523 145 574 200 AD
598 141 801 199 HEBRAEOS.

372 304 474 360 Dandc
492 305 571 375 leges
589 321 669 360 meas
688 305 717 360 in
737 303 871 360 cordibus
891 318 1003 372 eorum,

336 387 413 441 etin
431 387 578 441 mentibus
597 402 694 440 eorum
713 383 926 454 superscribam
945 401 1012 438 eas:

77 505 171 550 naqa.
189 508 236 548 aa.
249 488 281 539 17
301 489 331 540 et
358 487 557 554 peccatorum,
589 486 619 539 et
649 483 834 553 iniquitatum
864 499 964 537 eorum
997 483 1055 537 iam

247 569 282 620 18
300 582 357 620 uon
382 564 555 620 recordabor
580 563 710 633 amplius
747 563 802 619 Ubi
826 567 924 617 autem
950 563 1056 617 horum

300 645 445 700 remissio:
464 645 522 699 iam
540 661 597 699 non
617 649 661 699 est
680 643 786 698 oblatio
805 660 857 712 pro
875 643 1010 712 peccato.

138 749 166 782 in
177 749 236 791 aa.
248 729 281 781 19
371 725 518 780 Habentes
542 725 641 794 itaque
667 725 771 779 fratres
796 723 933 778 fiduciam
956 723 986 777 in
1013 725 1119 778 in-ror

200 831 236 871 aa
247 810 282 860 20
300 806 389 861 troitu
407 805 578 860 Sanctorum
603 806 632 859 in
658 804 798 874 sanguiue
817 803 941 871 Christi,
966 821 1055 874 quarn

300 887 425 941 initiavit
443 886 526 941 nobis
544 887 621 941 viam
644 886 771 952 novam,¹
788 889 817 940 et
836 885 984 940 viventem
1003 902 1055 956 per

110 956 236 1041 ²⁰hp⁶;¹}„‡;j
247 971 280 1022 21
300 968 438 1034 velamen,
457 966 486 1020 id
505 970 559 1034 est,
579 981 693 1020 carnem
711 981 802 1032 suam,
822 968 852 1020 et
870 965 1054 1020 sacerdotem

139 1072 167 1104 ra
178 1072 236 1111 aas.
247 1052 281 1102 22
300 1064 435 1118 magnum
453 1063 540 1116 super
559 1046 674 1101 domum
693 1046 760 1100 Dei:
787 1045 963 1100 accedamus
989 1063 1052 1100 cum

99 1119 147 1157 ⁴¹¹⁰'
161 1117 178 1149 Β
189 1118 236 1158 ⁶³⁶·
300 1143 367 1182 vero
386 1127 471 1182 corde
490 1127 519 1181 in
537 1126 714 1198 plenitudine
733 1125 812 1194 fidei,
832 1127 949 1195 aspersi
968 1126 1052 1182 corda

235 1231 237 1235 ¹
301 1225 319 1262 a
345 1208 521 1262 conscientia
547 1208 638 1275 mala,
667 1209 697 1261 et
725 1207 814 1260 abluti
840 1223 951 1275 corpus
979 1223 1049 1278 aqua

190 1316 236 1356 cn.
247 1293 282 1344 23
300 1287 422 1355 munda,
447 1292 597 1343 teneamus
616 1289 678 1356 spei
702 1290 820 1342 nostrae
838 1287 1048 1342 consessionem

300 1368 537 1436 indeclinabilem,
549 1367 652 1436 (fidelis
663 1367 737 1422 enim
752 1370 797 1422 est
812 1367 861 1436 qui
875 1368 1046 1436 repromisit)

189 1454 282 1516 1a‚1.24
301 1453 330 1503 et
362 1448 575 1504 consideremus
607 1449 729 1503 invicem
757 1447 786 1501 iu
814 1449 1043 1516 provocationem

148 1556 195 1595 aa.
207 1556 236 1587 n.
247 1535 281 1586 25
300 1529 459 1598 charitatis,
474 1532 503 1584 et
512 1529 651 1584 bonorum
666 1543 796 1597 operum:
811 1545 869 1582 non
884 1527 1041 1582 deserentes

300 1610 495 1665 collectionem
514 1612 655 1676 nostram,
675 1609 751 1663 sicut
769 1608 984 1663 consuetudinis
999 1609 1035 1660 est

301 1690 487 1761 quibusdam,
506 1690 558 1744 sed
577 1690 775 1756 consolantes„
801 1691 829 1743 et
855 1692 942 1744 tanto
956 1684 1033 1754 magis

171 1797 236 1837 ar-c.
247 1778 281 1828 26
301 1776 408 1842 quanto
422 1771 552 1825 videritis
572 1769 849 1840 appropinquantem
865 1769 948 1824 diem
987 1766 1033 1820 Vo-

154 1843 162 1872 ¹
174 1842 189 1873 Τ
200 1843 236 1882 ‘³¹⁴'
300 1852 422 1907 luntarie
436 1851 512 1906 enim
526 1850 713 1919 peccantibus
727 1850 809 1904 nobis
821 1853 890 1918 post
901 1852 1036 1918 acceptam

299 1933 432 1987 notitiam
460 1931 606 1998 veritatis,
635 1931 691 1984 iam
716 1947 773 1984 non
801 1929 975 2000 relinquitur
997 1943 1041 1998 pro

94 2037 114 2070 1.
124 2039 174 2079 ran
187 2038 235 2070 nn.
246 2019 280 2069 27
300 2012 427 2082 peccatis
446 2010 550 2078 hostia,
568 2011 704 2065 terribilis
724 2014 819 2066 autem
839 2011 986 2078 quaedam
1004 2025 1044 2063 ex·

299 2093 425 2162 pectatio
444 2090 549 2158 iudicii,
569 2095 599 2146 et
618 2091 692 2160 ignis
707 2089 869 2157 aemulatio,
889 2107 967 2159 quae
988 2106 1046 2144 cou-

77 2180 281 2239 saracenicis
300 2177 450 2242 sumptura
464 2175 509 2226 est
523 2171 711 2226 adversarios,
735 2171 847 2226 Irritam
857 2171 923 2239 quis
939 2171 1048 2226 faciens
1056 2177 1076 2222 τῖ
1084 2175 1116 2226 lli

152 2242 178 2275 Μ
190 2243 236 2284 ¹⁷’⁶·
299 2255 391 2322 legem
405 2251 505 2322 Moysi,
523 2253 588 2306 sine
606 2252 665 2306 ulla
677 2251 860 2306 miseratione
875 2251 994 2305 duobus
1007 2251 1051 2305 vel

148 2341 280 2399 1³12an
299 2334 391 2388 trihus
409 2334 533 2388 testibus
552 2333 685 2388 moritur:
706 2334 813 2401 quanto
827 2331 921 2400 magis
938 2332 1051 2400 putatis

199 2406 235 2445 ²¹⁹·
299 2414 442 2469 deteriora
459 2414 561 2468 mereri
580 2412 721 2482 supplicia
740 2411 788 2481 qui
806 2411 895 2465 filium
908 2411 965 2466 Dei
986 2428 1051 2466 con-

299 2494 467 2561 culcaverit,
486 2497 516 2548 et
534 2494 703 2562 sanguinem
722 2491 889 2547 testamenti
907 2492 1050 2560 pollutum

300 2575 427 2642 duxerit,
453 2575 556 2643 inquo
577 2573 774 2635 sanctificatus
798 2575 858 2640 est,
885 2576 914 2626 et
933 2571 1049 2642 spiritui

353 2742 516 2795 reznabog
542 2746 546 2792 1
571 2743 652 2785 mente

352 2811 378 2845 18
393 2825 416 2835 -
431 2805 471 2846 est

352 2870 378 2907 24
393 2867 418 2907 et
431 2875 480 2907 non
495 2875 562 2907 cons.
578 2865 603 2904 F

351 2932 378 2968 25
393 2930 416 2975 >
432 2927 471 2968 est
484 2937 567 2969 consu.
594 2931 598 2978 Ι
624 2947 647 2958 -
664 2927 706 2969 sed
721 2927 745 2966 F

351 2993 378 3029 26
391 2987 565 3039 derelinquitur
579 2987 604 3027 F

352 3055 378 3090 27
392 3048 489 3100 quidam
503 3050 528 3088 F

352 3115 379 3151 23
393 3130 416 3140 -
431 3109 536 3151 testibus
550 3110 574 3148 A

564 3189 682 3251 ‚aaa
