2275 3434
491 114 855 170 lasis-435.
959 114 1352 166 :naamanin-'M
1416 114 1672 166 [niuali-

593 278 786 327 aulem
843 278 899 327 et
957 274 1029 327 ad
1086 274 1312 326 turbas:
1372 274 1513 325 {juni
1572 274 1825 326 videritis
1881 274 2089 328 nubem

592 354 867 408 orientem
920 353 992 407 ab
1046 369 1255 407 occasu
1274 394 1287 418 ,
1340 352 1539 406 statim
1577 351 1794 407 dicitis:
1850 353 2089 408 Nimbus

486 438 554 488 55
594 432 777 488 venit:
830 436 890 487 et
940 433 1024 488 ita
1073 433 1154 487 fit.
1241 437 1299 487 et
1345 449 1474 486 cum
1528 434 1787 487 austrum
1837 432 2090 490 flantem.

486 519 555 567 56
594 513 811 568 dicitis:
866 513 1013 582 Quia
1062 518 1262 568 aestus
1299 513 1436 569 erit:
1490 518 1549 567 et
1586 512 1667 567 fit.
1741 513 2091 583 Hypocritae

595 594 799 649 faciem
851 594 991 649 caeli
1011 636 1023 660 ,
1077 596 1136 648 et
1188 597 1376 649 terrae
1427 593 1611 648 nostis
1656 594 1932 662 probare:
1985 595 2094 648 hoc

487 680 553 729 57
594 678 788 729 autem
824 677 1053 744 tempus
1083 674 1369 744 quomodo
1397 691 1510 729 non
1537 674 1842 743 probatis?
1947 673 2092 744 Quid

593 758 787 810 autem
844 758 902 810 et
958 773 991 810 a
1041 755 1206 811 vobis
1257 755 1402 824 ipsis
1453 771 1565 809 non
1616 753 1890 810 iudicatis
1942 754 2093 825 quod

234 856 288 889 m
311 857 466 897 aava.
488 842 557 890 58
593 836 808 891 iustum
860 837 990 890 est?
1067 834 1211 890 Cum
1263 840 1456 892 autem
1505 834 1669 889 vadis
1716 851 1846 889 cum
1897 835 2095 891 adver·
2115 829 2157 906 ’ξ’

595 917 747 970 sario
799 919 898 970 tuo
952 915 1026 970 ad
1075 916 1420 985 principem,
1478 916 1536 970 in
1588 915 1684 969 via
1733 915 1808 969 da
1861 933 2093 986 operam

594 996 823 1051 liberari
863 997 935 1051 ab
973 997 1087 1062 illo,
1123 1013 1196 1049 ne
1235 997 1385 1050 forte
1413 997 1609 1051 trahat
1637 998 1696 1050 te
1727 995 1801 1050 ad
1828 996 2094 1051 iudicem.

597 1081 656 1130 et
693 1076 864 1131 iudex
901 1075 1095 1131 tradat
1133 1081 1192 1131 te
1232 1077 1504 1144 exactori,
1543 1080 1602 1130 et
1635 1080 1871 1132 exactor
1898 1076 2097 1133 mittat

491 1161 558 1210 59
598 1161 655 1211 te
706 1156 765 1211 in
816 1173 1116 1211 carcerem.
1193 1157 1335 1211 Dico
1387 1156 1524 1224 tibi,
1575 1174 1688 1212 non
1740 1157 1899 1212 exies
1946 1157 2095 1219 inde,

600 1237 779 1292 donec
818 1237 990 1291 etiam
1029 1237 1403 1293 novissimum
1439 1237 1721 1292 minutum
1759 1237 1991 1292 reddas,

280 1336 352 1371 Aa
374 1339 469 1379 aar.
488 1308 563 1380 13
738 1317 993 1373 Aderant
1040 1321 1233 1372 autem
1281 1317 1513 1387 quidam
1561 1319 1686 1387 ipso
1723 1318 1779 1371 in
1820 1322 2097 1388 tempore,
2115 1308 2159 1386 '33'

599 1398 938 1453 nunciantes
967 1398 1046 1451 illi
1077 1397 1148 1452 de
1169 1397 1458 1466 GalilaeiS,
1489 1416 1727 1468 quorum
1755 1399 2098 1467 sanguinem

347 1499 374 1530 J
397 1501 469 1540 9‚2.
526 1479 560 1533 2
598 1479 817 1534 Pilatus
854 1479 1083 1533 miscuit
1121 1488 1249 1533 cum
1289 1478 1584 1534 sacrificiis
1623 1495 1833 1534 eorum.
1902 1479 1978 1534 Et
2018 1496 2098 1534 re-

600 1559 889 1628 spondens
928 1558 1071 1613 dixit
1109 1559 1248 1613 illis:
1301 1559 1530 1615 Putatis
1570 1559 1721 1629 qued
1757 1559 1816 1612 hi
1857 1558 2097 1614 Galilaei

599 1657 737 1709 prae
801 1639 1063 1694 omnibus
1126 1640 1397 1694 Galilaeis
1463 1642 1797 1709 peccatores
1864 1639 2099 1703 fuerint,

306 1741 355 1773 m
378 1743 471 1782 ma.
530 1727 562 1774 3
601 1720 736 1789 quia
773 1719 915 1774 talia
948 1720 1107 1789 passi
1148 1721 1323 1774 sunt?
1397 1720 1554 1788 Non,
1593 1719 1719 1774 dico
1759 1720 1954 1775 vobis:
1998 1719 2100 1774 sed

601 1801 709 1854 nisi
749 1799 1161 1869 poenitentiam
1199 1801 1516 1856 habueritis
1535 1843 1549 1868 ‚
1601 1817 1798 1855 omnes
1837 1800 2102 1856 similiter

528 1886 563 1935 4
600 1879 876 1949 peribitis
943 1879 1105 1935 Sicut
1133 1881 1217 1935 illi
1247 1880 1444 1936 decem
1474 1885 1532 1936 et
1561 1884 1709 1948 oct0,
1747 1897 1927 1950 supra
1954 1898 2101 1950 quos

602 1959 807 2015 cecidit
843 1961 1017 2015 turris
1055 1961 1113 2015 in
1154 1961 1323 2029 Siloe,
1364 1966 1422 2017 et
1461 1961 1670 2017 occidit
1707 1977 1836 2015 eos:
1875 1962 2102 2030 putatis

602 2041 737 2110 quia
787 2046 845 2097 et
896 2042 1005 2111 ipsi
1054 2042 1344 2098 debitores
1383 2042 1597 2097 fuerint
1633 2046 1864 2111 praeter
1901 2059 2102 2097 omnes

531 2127 563 2176 ἴ)
600 2122 858 2177 homines
947 2123 1278 2178 habitantes
1366 2123 1423 2177 in
1496 2123 1844 2177 Ierusalem?
1955 2123 2103 2187 Non,

602 2202 727 2257 dico
766 2203 959 2257 vobis:
1014 2203 1116 2257 sed
1157 2203 1206 2256 si
1243 2203 1658 2272 poenitentiam
1695 2220 1808 2258 non
1849 2203 2103 2271 egeritis.

401 2305 474 2345 ae,
531 2290 563 2336 6
604 2299 799 2338 omnes
858 2283 1115 2337 similiter
1170 2283 1446 2352 peribitis.
1606 2283 1850 2338 Dicebat
1908 2279 2163 2358 autemffi',⁴

160 2349 334 2425 ³¹²³'i‘1'2
358 2349 474 2433 31:33:
604 2366 662 2418 et
717 2362 865 2416 hanc
922 2363 1383 2419 similitudinem:
1449 2364 1723 2419 Arborem
1780 2363 1872 2417 fici
1927 2364 2105 2419 habe-

603 2444 706 2497 bat
780 2442 1008 2512 quidam
1084 2445 1405 2513 plantatam
1469 2445 1528 2498 in
1595 2445 1764 2499 vinea
1830 2461 1970 2512 sua,
2049 2449 2105 2498 et

605 2523 761 2577 venit
815 2541 1096 2594 quaerens
1155 2523 1404 2578 fructum
1453 2525 1511 2579 in
1564 2526 1688 2593 illa,
1745 2529 1804 2579 et
1853 2542 1970 2580 non
2022 2525 2105 2578 in-

534 2610 562 2657 7
606 2603 776 2658 venit.
878 2604 1040 2659 Dixit
1115 2606 1306 2658 autem
1383 2604 1456 2659 ad
1531 2606 1803 2660 cultorem
1867 2605 2102 2660 vineae:

605 2683 751 2738 Ecce
799 2685 933 2759 anni
979 2688 1098 2738 tres
1147 2688 1282 2738 sunt
1330 2702 1400 2738 ex
1447 2702 1560 2754 quo
1602 2685 1768 2740 venio
1818 2674 2135 2756 quaerens'

715 2870 766 2905 56
797 2866 841 2912 >
872 2864 1032 2905 terrae
1062 2864 1111 2905 et
1141 2863 1264 2906 caeli

713 2922 765 2957 58
792 2916 843 2958 in
871 2915 955 2959 via
980 2930 1015 2958 c.
1035 2931 1185 2967 praec.
1212 2923 1317 2958 conf.
1369 2922 1375 2968 1
1430 2917 1491 2959 ad
1519 2922 1536 2968 ]
1568 2919 1694 2971 apud

713 2976 815 3032 1:3‚2
841 2977 1035 3021 fuerunt

714 3037 740 3072 4
768 3029 943 3073 siloam
993 3033 999 3084 Ι
1053 3031 1250 3075 fuerunt

716 3090 739 3130 5
771 3087 814 3133 >
846 3094 944 3126 non
970 3085 1154 3138 paenit.
1199 3087 1204 3137 Ι
1248 3091 1362 3139 eg.]
1400 3085 1441 3140 gv
1468 3086 1738 3130 habueritis
1846 3096 1872 3128 6
1904 3109 1950 3120 -
1975 3089 2024 3136 et
2055 3090 2106 3131 1⁰

1299 3165 1378 3213 190
