2275 3434
214 160 398 228 llas—121.
489 161 538 215 AD
562 159 767 216 HEBRAEOS.

71 342 100 374 m
112 341 200 382 ranan
210 323 246 374 29
264 320 418 388 primitiva,
432 323 564 391 tangeret
579 337 637 376 eos.
663 320 733 376 Fide
747 320 923 376 transierunt
936 321 1017 376 Mare
1027 329 1055 374 96

265 400 382 456 rubrum
406 404 554 471 tamquam
582 417 634 470 per
659 401 767 456 aridam
793 404 911 456 terram:
939 402 1019 472 quod

107 483 247 542 rorando
266 482 377 550 experti
399 481 547 551 Aegyptii,
573 481 703 536 devorati
730 486 806 536 sunt.
843 480 915 536 Fide
943 483 1019 536 muri
1028 490 1056 535 97

72 599 200 632 J„„„„‚
265 561 373 616 Iericho
401 567 584 630 corruemnt,
613 563 733 617 circuitu
762 561 870 616 dierum
894 566 1019 632 septem.

101 621 179 685 ΨΜ
196 623 245 694 ’31
265 641 335 696 Fide
345 642 445 697 Rahab
459 644 594 698 meretrix
608 659 665 698 non
675 643 760 712 periit
773 660 839 698 cum
852 642 1017 710 incredulis,
1027 650 1056 695 98

41 688 246 793 ruaa,1i⁶;²r'‚²r⁵{32
266 722 411 791 excipiens
430 724 625 792 exploratores
650 741 715 778 cum
737 739 818 794 pace.
891 723 929 778 Et
948 723 1018 794 quid
1026 731 1055 776 99

66 798 202 882 ¹⁵¹²⁰3³0,¹{j‚⁷,·,‚
266 802 360 857 adhuc
379 802 492 858 dicam?
517 803 638 858 Deficiet
652 805 728 858 enirn
745 820 791 858 me
805 808 922 874 tempus
937 821 1018 858 euar-

266 887 377 938 rantem
401 884 436 938 de
455 884 588 952 Gedeon,
612 884 719 952 Barac,
745 883 884 952 Samson,
909 885 1018 955 Iephte,

101 966 247 1024 rua1⁴‚r.33
266 963 374 1031 David,
393 963 524 1033 Samuel,
550 969 579 1020 et
597 965 764 1034 Prophetis:
793 965 842 1034 qui
860 981 914 1034 per
933 964 1019 1020 iidem

52 1028 202 1116 ¹⁸¹⁰1¹>2³2ssg2
265 1044 396 1100 vicemnt
414 1061 511 1114 regna,
531 1046 642 1116 operati
661 1049 728 1101 sunt
748 1045 899 1112 iustitiam,
921 1045 1019 1116 adepti

266 1129 335 1180 sunt
348 1126 593 1195 repromissiones
608 1126 814 1181 obturavemnt
828 1142 880 1180 ora
894 1125 1018 1194 leonum,

71 1223 202 1267 onan-n.
213 1205 248 1257 34
268 1206 464 1261 lextinxerunt
482 1206 621 1276 impetum
640 1205 724 1276 ignia,
743 1205 908 1275 effugerunt
928 1207 1018 1262 aciem

266 1285 363 1354 gladii,
378 1287 584 1341 convaluerunt
599 1284 634 1341 de
647 1287 821 1353 infirmitate,
838 1286 934 1341 fortes
949 1287 1018 1342 facti

83 1366 248 1429 18317,28.35
267 1369 335 1420 sunt
353 1367 381 1420 in
401 1367 483 1434 hello,
502 1371 600 1422 castra
613 1370 760 1422 verterunt
773 1369 954 1422 exterorum:
975 1384 1018 1421 ac·

92 1432 203 1520 ²33⁸ss
267 1450 404 1516 ceperunt
428 1447 561 1502 mulieres
590 1447 625 1502 de
652 1447 860 1502 resurrectione
888 1451 1016 1502 mortuos

95 1523 181 1563 Μ’·
267 1543 350 1582 suos:
377 1527 425 1582 alii
444 1531 540 1583 autem
560 1527 678 1583 distenti
697 1530 764 1582 sunt
782 1544 839 1582 non
858 1527 1015 1598 suscipien-

266 1612 312 1663 tes
331 1606 563 1678 redemptionem,
583 1613 615 1663 ut
633 1608 777 1663 meliorem
796 1607 961 1662 invenirent
973 1625 1010 1662 re·

53 1706 76 1738 n
87 1710 119 1749 aa
131 1711 160 1750 rr,
173 1711 202 1744 aa.
213 1688 247 1738 36
267 1689 479 1743 surrectionem.
517 1689 572 1742 Alii
597 1705 664 1742 vero
687 1687 822 1754 ludibria,
848 1691 879 1742 et
897 1689 1007 1744 verbera

74 1790 202 1832 acarna.
213 1768 247 1818 37
267 1769 386 1838 experti,
405 1769 522 1838 insuper
540 1772 569 1823 et
588 1769 709 1836 vincula,
728 1773 758 1823 et
776 1783 923 1824 carceres:
945 1767 1007 1836 lapi-

267 1848 328 1904 dati
342 1854 419 1916 sunt,
438 1850 510 1904 secti
525 1853 601 1917 sunt,
616 1849 720 1904 tentati
734 1852 810 1914 sunt,
829 1847 857 1902 in
873 1849 1011 1904 occisione

266 1929 354 1997 gladii
372 1930 476 1984 mortui
495 1934 576 1996 sunt,
596 1930 768 1984 circuierunt
786 1929 815 1982 in
833 1928 967 1996 melotis,
988 1928 1015 1982 in

266 2010 388 2080 pellibus
407 2010 541 2079 caprinis,
561 2013 687 2080 egentes
707 2009 880 2079 angustiati,
901 2009 1015 2064 afflicti:

213 2088 248 2138 38
268 2090 384 2160 'quibus
395 2090 498 2159 dignus
513 2108 569 2146 non
584 2094 647 2145 erat
660 2090 797 2145 mundus:
813 2089 842 2143 in
856 2089 1017 2144 solitudini-

265 2173 320 2226 bus
340 2174 478 2238 errantes,
496 2171 525 2225 in
543 2171 699 2238 montibus,
718 2174 747 2226 et
766 2169 919 2240 speluncis,
941 2171 1018 2225 etin

175 2274 202 2304 a.
213 2249 247 2299 39
266 2252 397 2306 cavernis
415 2256 517 2306 terrae.
563 2251 600 2306 Et
614 2251 642 2304 hi
657 2267 755 2306 omnes
770 2249 937 2306 testimonio
951 2249 1018 2305 fidei

212 2329 248 2379 40
266 2333 388 2402 probati,
407 2349 464 2386 non
479 2334 652 2400 acceperunt
671 2330 929 2400 repromissionem,
941 2331 1018 2386 ¹Deo

266 2430 318 2482 pro
338 2413 421 2467 nobis
439 2412 541 2466 melius
560 2410 668 2480 aliquid
691 2410 875 2480 providente,
901 2413 935 2465 ut
960 2427 1019 2466 non

266 2493 329 2547 sine
347 2492 430 2547 nohis
449 2495 721 2546 consummarentur.

55 2595 114 2670 apri
126 2557 251 2679 {3312
337 2573 461 2642 Ideoque
497 2575 527 2627 et
563 2589 616 2626 nos
648 2574 759 2626 tantam
790 2571 931 2626 habentes
965 2571 1017 2625 im·
1026 2576 1097 2628 lodii

319 2714 346 2748 30
365 2705 477 2750 Hiericho
502 2706 506 2753 1
531 2707 630 2749 ruerunt
654 2707 658 2754 Ι
684 2704 802 2749 circumiti
821 2706 844 2745 A
865 2703 961 2748 circuiti
977 2703 1017 2744 ΕΞ

266 2766 292 2802 31
306 2760 374 2802 Raab
401 2762 404 2809 Ι
428 2757 520 2842 peribit
533 2760 569 2800 A¹
594 2767 597 2801 r
621 2765 652 2812 fin
665 2763 690 2802 4
705 2761 731 2802 et
749 2757 799 2800 alia
812 2759 854 2801 via
873 2757 964 2802 eiciens
978 2757 1016 2798 Εἰ

266 2819 293 2854 32
307 2811 388 2854 delicit
402 2813 427 2850 F
463 2811 468 2863 Ι
492 2811 571 2854 Baruc
585 2813 607 2851 A
634 2814 638 2864 Ι
667 2811 787 2862 Sampson
801 2813 827 2851 F
852 2813 856 2860 Ι
883 2809 1017 2864 reptnaag

267 2865 351 2917 lepthe
366 2862 412 2910 CA
425 2863 508 2907 laetae
518 2865 555 2904 Εἰ
570 2864 653 2914 leptae
663 2864 701 2905 F²
728 2867 753 2907 et
763 2863 876 2908 Samuhel
907 2870 934 2907 33
945 2863 1015 2913 ,devi-

268 2919 352 2960 cerunt
378 2922 405 2958 34
419 2916 524 2959 extincx-
538 2916 619 2969 {AF}
633 2917 801 2971 effugaverunt
815 2917 836 2970 ᾗ
868 2923 895 2960 35
909 2927 940 2960 m.
956 2925 1016 2960 snos

268 2969 350 3018 [filios]
376 2969 380 3020 Ι
405 2969 644 3020 accipientest?)F²
705 2977 732 3012 37
747 2991 770 3003 -
786 2969 847 3013 secti
865 2971 923 3012 sunt
937 2969 976 3009 Fl

267 3021 436 3065 circumiamnt
449 3019 515 3073 ΝΑ
568 3029 595 3064 aa
609 3025 633 3065 et
647 3023 672 3064 in
686 3033 717 3066 m.
732 3022 790 3074 μη
808 3024 832 3066 ct
846 3033 876 3066 m.
893 3021 980 3070 tm

269 3074 332 3117 etin
348 3085 384 3126 sp.
399 3073 437 3112 F²
490 3081 516 3115 ea
530 3074 565 3117 hii
579 3077 604 3115 F
622 3078 626 3126 ι
646 3075 811 3118 testimonium
825 3077 849 3116 A
902 3077 970 3118 lout
984 3085 1017 3120 ne

321 3126 372 3180 lap
387 3127 483 3168 tantum
497 3128 522 3167 A

612 3205 653 3250 568
