2275 3434
244 156 403 224 flua-ra
448 155 567 210 ACTVS
591 155 873 211 APOSTOLORVM„

296 316 477 371 disserebant
492 333 556 371 cum
571 332 613 384 eo,
628 320 658 370 et
672 315 788 386 quidam
802 316 952 371 dicebant:
970 315 1046 386 Quid

296 398 357 451 vult
385 397 603 452 seminiverbius
630 396 693 464 hic,
721 396 835 451 dicere?
878 398 935 451 Alii
962 414 1045 452 vero:

296 477 440 531 Novorum
469 476 682 531 daemoniorum
709 477 823 531 videtur
854 478 1047 531 annunciator

296 573 375 611 esse:
403 557 470 626 quia
489 558 598 624 Iesum,
624 560 653 611 et
676 558 913 612 resurrectionem
937 574 1046 612 annun-

242 640 275 692 19
296 638 392 691 ciabat
406 637 455 691 eie.
475 638 512 692 Et
523 638 733 707 apprehensum
743 654 809 691 eum
819 638 856 692 ad
863 638 1046 708 Areopagum

296 718 451 785 duxerunt,
471 718 614 772 dicentes:
638 718 796 772 Possumus
814 718 888 772 scire
907 736 983 787 quae
1003 723 1045 772 est

240 803 277 855 20
295 798 368 853 haec
385 815 469 866 nova,
489 814 562 867 qnae
580 814 598 851 a
611 801 641 852 te
656 797 768 865 dicitur,
788 798 939 853 doctrina?
972 816 1046 853 nora

296 879 370 932 enim
396 878 537 947 quaedam
564 877 653 932 infers
678 878 795 933 auribus
813 879 937 933 nostris:
964 880 1047 933 Volu-

295 970 359 1012 mus
391 975 458 1027 ergo
491 958 564 1013 scire
593 958 729 1027 quidnam
757 958 846 1013 velint
872 959 946 1013 haec
974 976 1048 1014 esse.

241 1044 274 1095 21
297 1038 497 1106 (Athenienses
518 1042 614 1092 autem
632 1055 740 1106 omneS,
759 1043 789 1093 et
805 1039 934 1094 advenae
951 1039 1048 1109 hospi·

296 1124 354 1186 teS,
377 1118 416 1173 ad
438 1118 508 1173 nihil
531 1118 608 1173 aliud
632 1119 776 1174 vacabant
798 1119 854 1173 nisi
872 1124 924 1174 aut
943 1120 1048 1186 dicere,

241 1206 276 1257 22
297 1203 347 1253 aut
365 1198 464 1253 audire
483 1198 591 1267 aliquid
606 1200 693 1266 novi.)
722 1199 811 1253 Stans
825 1204 923 1275 autem
936 1200 1082 1255 Paulustss

296 1279 324 1332 in
343 1278 437 1333 medio
455 1280 614 1349 Areopagi,
633 1280 690 1333 ait:
709 1279 768 1333 Viri
786 1280 978 1335 Athenienses
996 1298 1049 1351 per

241 1366 276 1418 23
297 1360 392 1413 omnia
406 1359 489 1428 quasi
503 1359 762 1429 superstitiosiores
776 1377 828 1415 vos
842 1359 935 1415 viden.
962 1362 1046 1415 Prae-

243 1442 247 1467 ¹
297 1440 402 1493 teriens
431 1440 521 1507 enim,
553 1444 583 1494 et
610 1440 711 1495 videns
738 1440 913 1495 simulachra
940 1445 1047 1508 vestra,

297 1520 392 1574 inveni
429 1524 458 1574 et
494 1525 590 1588 aram,
632 1520 661 1574 in
698 1538 755 1591 qua
791 1520 932 1588 scriptum
958 1525 1045 1576 erat:
1127 1525 1129 1546 ¹

296 1600 402 1654 Iouoro
436 1615 500 1654 ouo
564 1600 647 1669 Quod
688 1618 757 1671 ergo
795 1601 963 1670 ignorantes
1001 1618 1046 1656 co

123 1686 278 1745 1R38,2⁷.24
297 1680 370 1746 litis,
402 1680 457 1734 hoo
485 1696 537 1749 ego
566 1682 708 1736 annuncio
736 1682 827 1735 vobis
869 1681 965 1749 DeuS,
999 1682 1045 1751 qui

135 1748 233 1834 M{',}‚²t}1
298 1761 366 1814 fecit
394 1760 547 1828 mundum,
575 1764 605 1816 et
633 1762 729 1815 omnia
755 1778 829 1831 quae
855 1761 883 1815 in
910 1778 945 1817 eo
971 1766 1044 1827 sunt,

185 1839 232 1879 ⁷¹⁴⁸·
297 1841 343 1893 hic
369 1840 441 1894 caeli
460 1843 489 1895 et
507 1845 602 1895 terrae
621 1858 686 1895 cum
704 1842 743 1896 sit
761 1842 916 1908 DominuS‚
941 1842 1041 1896 nonin

138 1942 162 1977 e.
174 1926 277 1985 consiti)
297 1921 471 1975 manufactis
490 1921 604 1990 templis
623 1921 746 1989 habitat,
772 1938 826 1976 nec
844 1921 980 1976 manibus
995 1922 1041 1975 hu·
1127 1933 1129 1946 ¹

297 2001 390 2055 manis
413 2002 516 2055 colitur
538 2000 670 2071 indigens
694 2002 803 2071 aliquo,
829 2019 893 2055 cum
916 2002 981 2071 ipse
1000 2002 1045 2055 det
1127 1991 1129 2022 ³

297 2082 429 2135 omnibus
449 2080 552 2149 vitam,
579 2086 608 2135 et
629 2082 860 2151 inspirationem,
886 2084 916 2135 et
936 2081 1044 2137 omnia:

148 2182 173 2217 m
185 2184 233 2225 na.
242 2164 278 2215 26
298 2160 423 2231 fecitque
442 2178 478 2215 ex
496 2178 553 2215 uno
573 2178 657 2216 omne
670 2178 761 2231 genus
775 2162 922 2216 hominum
937 2161 1047 2217 inhahi-

297 2244 359 2295 tare
379 2258 465 2310 super
483 2241 646 2297 universam
665 2242 770 2296 faciem
785 2246 887 2309 terrae,
907 2242 1048 2297 definiens

298 2325 409 2376 statuta
445 2326 591 2391 tempora,
628 2326 658 2376 et
690 2323 826 2377 terminos
858 2322 1048 2378 habitationis

155 2425 175 2457 ι,
186 2426 233 2464 nr.
243 2405 277 2455 27
299 2418 410 2469 eorum,
449 2419 586 2471 quaerere
612 2403 705 2457 Deum
738 2404 762 2457 si
791 2403 865 2458 forte
890 2407 1050 2459 attrectent
1127 2401 1129 2458 ζ

147 2470 233 2556 ξῗὶῗῗζ
299 2498 371 2549 eum,
391 2486 441 2537 aut
458 2483 614 2550 inveniant,
633 2484 764 2551 quamvis
781 2501 838 2537 non
854 2485 938 2553 longe
955 2484 995 2538 sit
1012 2486 1049 2538 ab
1127 2539 1129 2544 ,

128 2566 278 2662 νὲΐιζζέμὸ
298 2570 468 2632 unoquoque
495 2567 634 2617 nostrum.
671 2564 702 2617 In
728 2564 790 2632 ipso
816 2564 891 2618 enim
915 2564 1050 2631 vivimuS,
1127 2563 1129 2576 '

199 2652 203 2671 ,
228 2652 233 2663 .

352 2909 377 2945 19
393 2902 504 2956 ariopag-
521 2907 554 2955 ,tr
568 2909 602 2945 22.
611 2908 637 2945 34

352 2980 378 3015 24
393 2973 517 3016 inhabitat

351 3050 378 3086 27
393 3044 531 3087 adtraotent
