2275 3434
285 152 484 206 SECVNDVM
509 151 642 206 LVGAM.
757 152 880 218 ’ἰῶ-45.

66 317 207 369 dieentes
240 315 282 368 ei:
318 314 392 384 Quia
424 313 528 382 dignus
561 316 606 367 est
639 317 670 367 nt
703 314 756 367 hnc
789 313 826 367 illi

65 397 217 464 praestes,
255 393 345 464 diligit
374 394 449 448 enim
476 396 592 463 gentem
621 396 766 448 nostram:
799 395 863 446 et5

66 491 256 544 synagogam
296 473 359 544 ipse
399 473 563 529 aedificavit
600 474 691 528 nobis
747 473 863 527 Iesusd
892 494 949 535 uro.

67 559 174 610 nutem
193 555 254 610 ibat
273 554 339 609 eum
357 555 420 610 inis.
450 554 488 609 Et
507 571 572 608 cum
591 554 648 608 iam
668 570 724 608 non
744 555 827 622 longe

68 639 154 690 esset
174 653 194 689 a
212 634 305 703 domo,
323 635 402 689 misit
422 634 459 689 ad
477 651 542 689 eum
558 633 693 690 Centurio
711 633 827 699 anricus,

69 718 190 770 dicens:
218 715 339 770 Domine
364 715 422 770 noli
447 714 560 768 vexari:
587 713 650 768 Non
669 715 744 768 enim
764 730 827 767 sum

70 797 181 866 dignus
208 800 241 850 ut
260 796 314 860 sub
333 798 443 850 tectum
461 811 556 848 meum
576 795 673 849 intres
710 797 863 864 propter7

70 877 153 946 quod
173 881 203 930 et
222 876 364 944 meipsum
382 891 439 928 non
459 890 523 928 sum
539 872 656 942 dignum
672 874 828 929 arbitratus

71 961 107 1010 ut
126 955 257 1010 venirem
276 954 313 1008 ad
331 957 373 1008 te:
394 953 445 1007 sed
460 952 505 1007 die
519 954 616 1020 verbu,
636 957 665 1008 et
679 953 829 1008 sanabitur

73 1053 150 1105 puer
175 1051 266 1088 meus
303 1050 369 1087 nam
394 1037 423 1087 et
447 1049 500 1102 ego
519 1033 603 1088 homo
624 1050 687 1088 sum
706 1034 760 1088 sub
779 1049 828 1104 po·
848 1038 864 1085 8

73 1118 187 1170 testate
213 1114 401 1180 constitutus
428 1113 537 1168 habens
564 1115 617 1168 suh
644 1130 689 1168 me
707 1113 826 1168 milites:

75 1200 105 1250 et
126 1195 192 1250 dico
211 1193 382 1261 hamunde,
409 1197 439 1248 et
456 1193 551 1248 vadit:
579 1197 608 1248 et
627 1194 674 1248 alii
693 1193 774 1261 veni,
798 1197 827 1248 et

74 1276 171 1337 venir
197 1279 226 1329 et
245 1291 328 1329 servo
347 1290 424 1343 meo,
448 1274 495 1328 fac
513 1273 580 1341 hoc,
601 1278 630 1330 et
649 1273 726 1328 facit.
765 1273 826 1344 Quo
847 1279 863 1327 9
892 1299 937 1339 ns.
950 1296 1021 1337 nna.

76 1355 177 1411 audito
203 1355 284 1410 Iesus
312 1354 432 1410 miratus
458 1356 519 1410 est:
548 1358 577 1408 et
603 1371 757 1410 conversus
784 1371 827 1409 se-

76 1437 234 1506 quentibus
252 1452 284 1490 se
303 1435 409 1502 turbis,
434 1434 519 1490 dixit:
543 1436 634 1490 Amen
654 1435 716 1490 dieo
736 1435 826 1501 vobin,

47 1512 66 1588 52³
77 1534 132 1571 nec
151 1517 182 1570 in
196 1517 284 1571 Israel
302 1518 414 1570 tantam
428 1515 513 1570 fidem
527 1515 632 1570 inveni.
660 1515 698 1571 ut
711 1515 827 1581 reversi,
849 1519 881 1568 10
953 1529 959 1534 ·

78 1597 128 1668 qui
146 1596 228 1651 missi
247 1596 361 1650 fuerant
378 1595 501 1662 domum,
519 1596 690 1652 invenerunt
704 1613 827 1664 servum,

48 1672 127 1752 JJqui
160 1679 324 1747 languerat,
357 1694 469 1732 sanum.
555 1675 592 1731 Et
625 1677 735 1732 factum
768 1680 826 1730 est:
849 1679 880 1729 ll

81 1759 215 1826 deinceps
249 1757 311 1812 ibat
342 1757 371 1811 in
404 1757 565 1824 civitatem,
603 1774 677 1826 quse
709 1760 828 1812 vocatur

80 1839 177 1892 Naim:
210 1842 240 1892 et
267 1837 348 1892 ibant
376 1855 441 1892 cum
468 1855 502 1892 eo
531 1837 663 1908 discipuli
692 1838 768 1903 eiuS‚
799 1841 828 1890 et

82 1920 167 1975 turbs
193 1920 317 1987 copiosa.
361 1917 432 1972 Cmn
461 1922 557 1973 autem
585 1918 829 1988 appropinquaret
849 1921 939 1980 wop.

83 2001 181 2066 portae
209 1999 350 2065 civitatis,
380 2015 446 2052 ecce
474 1998 628 2052 defunctus
655 1997 829 2052 efferebatur

83 2079 156 2132 tilius
186 2079 287 2134 unicus
319 2079 420 2133 matris
454 2095 539 2132 suae:
578 2081 607 2132 et
639 2077 710 2131 haec
742 2074 829 2130 vidua

84 2162 159 2213 erat:
197 2162 226 2214 et
262 2161 348 2214 turba
383 2158 510 2213 civitatis
547 2159 637 2212 multa
675 2174 739 2210 eum
771 2156 828 2213 illa.

85 2241 173 2309 Quam
205 2257 270 2295 cum
297 2239 418 2294 vidisset
446 2237 602 2304 Dominum
634 2235 829 2292 misericordia
850 2241 883 2292 13

84 2324 176 2374 motus
201 2336 288 2390 super
313 2336 392 2384 eam,
417 2318 490 2372 dixit
513 2318 567 2372 illi:
594 2318 658 2373 Noli
681 2317 757 2372 flere.
793 2317 830 2370 Et
851 2321 884 2372 14

86 2401 219 2468 accessit,
245 2403 274 2455 et
292 2399 389 2468 tetigit
407 2399 537 2454 loculum.
577 2398 625 2466 (Hi
644 2401 754 2465 autem,
782 2398 829 2468 qui

87 2481 245 2551 portabant,
264 2483 419 2548 steterunt)
444 2479 481 2533 Et
500 2480 555 2534 ait:
575 2477 758 2547 Adolescens
777 2478 829 2533 tibi

894 1986 901 2014 1
914 1983 944 2024 ng
956 1984 1014 2024 ripn.
1111 1987 1112 2012 l

88 2561 161 2627 iiico,
187 2577 281 2631 surge.
325 2560 362 2614 Et
389 2559 496 2615 resedit
524 2560 574 2628 qui
602 2562 664 2614 erat
691 2562 829 2625 mortuus
851 2564 902 2614 151
916 2581 1015 2622 ngupr.
1111 2542 1112 2592 i

89 2645 117 2695 et
140 2641 231 2710 coepit
256 2641 341 2710 loqui.
377 2640 415 2694 Et
440 2639 519 2695 dedit
543 2641 622 2694 illum
648 2639 731 2694 matri
751 2655 828 2693 suae.

139 2878 186 2923 ⁶>
203 2873 292 2928 dignus
307 2885 361 2917 sum

139 2936 220 2990 &w
234 2935 283 2980 alio

141 3006 163 3042 11
178 2999 198 3054 5
212 2999 268 3042 ibat
280 2999 349 3042 Iesus
374 3001 378 3052 Ι
404 3010 432 3042 en
447 3003 455 3050 ]
471 2998 512 3042 illu

141 3068 165 3104 12
177 3063 202 3106 st
216 3072 272 3106 erre
298 3064 302 3113 l
326 3062 399 3105 matri
565 3066 568 3068 ’

141 3130 164 3174 13
177 3135 206 3174 ea

446 3205 486 3269 m¹

894 2629 904 2658 2
916 2625 945 2667 Rg
956 2626 1004 2668 nse.
1111 2641 1112 2666 3
