2275 3434
256 146 415 215 lale-se.
470 149 670 207 SECVNDVM
695 150 868 208 IOANNEM.

257 311 290 363 19
310 308 432 379 Scripsit
457 314 554 367 autem
578 316 607 368 et
626 312 742 367 titulum
759 312 886 368 Pilatus:
912 316 942 367 et
959 312 1055 381 posuit
1065 304 1088 383 ξω

309 406 396 460 super
420 408 542 447 crucem.
579 393 649 448 Erat
675 396 772 448 autem
796 392 950 462 scriptum:
977 392 1052 447 Iesus

254 472 290 524 20
308 471 485 540 Nazarenus,
506 473 567 528 Rex
585 473 762 528 ludaeorum.
799 472 883 528 Hunc
901 489 971 541 ergo
989 465 1086 545 tito-²3

307 553 366 607 lum
394 554 476 607 multi
501 553 671 609 Iudaeorum
699 553 844 623 legerunt:
872 553 943 623 quia
968 568 1055 622 prope

308 633 456 701 civitatem
475 639 537 689 erat
556 635 644 702 locus,
662 634 712 688 ubi
730 633 883 689 crucifixus
901 637 949 689 est
962 633 1054 688 lesus:

307 713 344 767 Et
362 718 426 769 erat
440 714 580 785 scriptum
594 714 744 782 Hebraico,
763 714 881 782 Graece,
901 717 930 767 et
944 713 1054 769 Latine.

253 795 286 849 21
307 793 450 849 Dicebant
478 812 545 865 ergo
573 794 666 850 Pilato
691 794 847 852 Pontifices
870 793 1054 849 ludaeorum:

308 874 371 929 Noli
390 875 527 943 scribere,
546 875 608 931 Rex
625 874 810 931 ludaeorum:
835 875 888 929 sed
906 875 977 945 quia
995 876 1055 945 ipse

253 956 288 1007 22
308 953 392 1010 dixit:
408 956 468 1011 Rex
483 973 546 1011 sum
560 955 738 1011 Iudaeorum.
759 955 918 1025 Respondit
932 956 1055 1010 Pilatus:

308 1034 390 1104 Quod
409 1036 520 1106 scripsi,
540 1036 651 1106 scripsi.

252 1117 287 1167 23
378 1116 481 1173 Milites
506 1134 575 1187 ergo
593 1133 659 1171 cum
677 1117 887 1173 cmcifixissent
906 1133 985 1184 eum,
1010 1110 1086 1188 att-⁵¹¹¹

308 1201 445 1264 ceperunt
462 1198 637 1253 vestimenta
660 1198 737 1265 eiuS,
763 1202 805 1267 (et
823 1198 955 1253 feceruut
974 1201 1055 1267 quat-

307 1280 373 1332 tuor
390 1281 502 1346 partes:
521 1278 675 1347 unicuique
693 1278 776 1334 militi
794 1281 917 1349 partem)
937 1282 969 1333 et
982 1278 1054 1333 tuni-

307 1374 378 1412 cam.
406 1358 476 1413 Erat
494 1363 593 1414 autem
611 1359 710 1431 tunica
723 1359 913 1427 inconsutilis,
931 1358 1055 1428 desuper

147 1449 172 1484 1'·
183 1451 241 1494 nso.
252 1440 287 1490 24
307 1442 441 1495 contexta
468 1456 521 1509 per
547 1443 650 1495 totum.
687 1440 829 1495 Dixerunt
854 1456 922 1509 ergo
951 1438 990 1493 ad
1014 1439 1054 1493 in·

305 1519 411 1573 vicem:
438 1520 501 1575 Non
527 1519 692 1575 scindamus
718 1537 797 1588 eam,
821 1520 875 1575 sed
900 1519 1056 1575 sortiamur

257 1622 259 1629 ,
306 1600 341 1654 de
369 1601 417 1655 illc
445 1602 525 1655 cuius
553 1601 600 1656 sit.
638 1601 677 1657 Ut
704 1600 853 1670 Scriptura
881 1601 1054 1670 impleretur,

306 1679 418 1735 dicens:
444 1682 548 1737 Partiti
567 1685 636 1737 sunt
653 1681 827 1738 vestimenta
844 1698 911 1735 mea
929 1681 1000 1737 sibi:
1026 1685 1055 1736 et

305 1761 334 1815 in
348 1766 566 1821 vestemmeam
581 1762 721 1817 miserunt
736 1765 851 1817 sortem.
897 1761 935 1817 Et
948 1762 1055 1817 milites

250 1842 285 1893 25
306 1840 420 1911 quidem
446 1842 518 1897 haec
536 1845 675 1898 lecerunt.
713 1842 838 1898 Stabant
856 1847 955 1899 autem
973 1836 1088 1916 iuxtass'ff

305 1938 418 1977 crucem
436 1923 501 1977 lesu
519 1927 614 1979 mater
630 1924 701 1988 eius,
720 1927 749 1978 et
769 1940 850 1978 soror
866 1924 969 1979 matris
984 1925 1055 1991 eius

182 2004 285 2057 u,u.26
304 2001 394 2057 Maria
421 2002 577 2073 Cleophae,
603 2008 633 2059 et
655 2004 746 2059 Maria
768 2003 943 2074 Magdalene.
983 2005 1055 2059 Cum

304 2082 425 2139 vidisset
453 2100 520 2154 ergo
547 2085 628 2139 Iesus
655 2089 793 2151 matrem,
825 2089 855 2139 et
882 2084 1055 2155 discipulum

304 2167 446 2233 stantem,
474 2181 559 2234 quem
584 2165 736 2234 diligebat,
762 2165 831 2220 dicit
856 2167 943 2220 matri
968 2182 1054 2221 suae:

181 2258 238 2299 raa.
250 2244 284 2295 27
304 2244 410 2313 Mulier,
426 2260 492 2299 ecce
505 2246 582 2301 tilius
595 2250 672 2306 tuus.
691 2246 801 2300 Deinde
816 2245 886 2301 dicit
900 2245 1053 2317 discipulo:

303 2323 377 2379 Ecce
395 2328 489 2381 mater
506 2329 565 2381 tua.
595 2326 631 2381 Et
650 2343 686 2381 ex
704 2327 753 2381 illa
770 2327 841 2381 hora
860 2327 973 2397 accepit
991 2344 1054 2382 eam

125 2419 176 2460 um
192 2420 238 2459 us.
250 2405 285 2455 28
304 2404 460 2474 discipulus
484 2406 513 2460 in
532 2423 594 2461 sua.
648 2407 755 2463 Postea
773 2406 868 2461 sciens
886 2408 967 2462 Iesus
987 2400 1089 2479 quia}Td

144 2464 238 2505 P⁸⁹²’¹⁰‘
304 2484 398 2539 omnia
424 2490 624 2541 consummata
647 2491 729 2555 sunt,
755 2490 788 2541 ut
807 2491 1054 2543 consummaretur

144 2581 169 2614 ea
180 2582 239 2623 aaa
249 2566 283 2616 29
305 2562 461 2634 Scriptura,
477 2565 561 2621 dixit:
584 2566 664 2623 Sitio.
692 2567 751 2622 Vas
766 2584 834 2637 ergo
849 2571 912 2622 erat
924 2569 1053 2636 positum

254 2666 257 2678 ¹
304 2648 386 2700 aceto
411 2647 535 2715 plenum.
571 2646 613 2700 Illi
638 2652 735 2703 autem
760 2647 911 2717 spongiam
938 2648 1052 2717 plenam

303 2729 400 2794 aceto,
431 2727 558 2796 hyssopo
591 2728 854 2797 circumponentes,
887 2728 1053 2783 obtulerunt

354 2945 382 2981 20
397 2942 419 2989 >
435 2938 483 2993 leg.
498 2940 547 2985 iud.

355 3006 382 3043 24
395 3000 525 3055 impleatur
604 3009 631 3047 25
645 3004 743 3057 cleopae

355 3062 442 3107 esiam
458 3065 540 3108 omnic
564 3066 567 3118 Ι
593 3065 653 3110 dicit

354 3130 380 3167 29
396 3130 418 3176 >
434 3137 486 3180 pos.
502 3130 554 3169 erat
580 3129 583 3181 Ι
607 3128 700 3183 hysopo

645 3208 687 3251 ‘290
