2275 3434
248 160 447 244 SECVNDVM
472 161 709 225 MATTHAEVM.
746 159 897 228 133-28.

95 327 128 378 ut
154 323 358 392 adimpleretur
383 321 459 392 quod
486 321 594 376 dictum
620 324 665 376 est
684 338 702 375 a
720 321 842 376 Domino

95 421 147 473 per
164 403 339 473 Prophetam
359 402 515 457 dicentem:

73 487 78 490 “
130 484 204 538 Ecce
218 484 298 552 virgo
313 483 342 537 in
356 486 439 538 utero
453 483 582 549 habebit,
596 486 626 537 et
637 481 732 552 pariet
741 481 841 536 filium:
862 486 896 534 23

132 568 161 618 et
179 563 324 618 vocabunt
342 579 446 638 nomen
465 563 526 618 eius
545 563 721 630 Emmanuel,

96 645 172 714 quod
191 647 236 698 est
254 644 475 713 interpretatum
493 645 650 699 Nobiscum
669 644 756 698 Deus.
788 643 843 697 Ex·
861 645 898 696 24

95 741 201 794 urgens
216 729 312 779 autern
326 724 429 794 Ioseph
444 741 462 778 a
473 741 583 791 somno,
597 723 667 778 fecit
676 725 843 794 sicutprae-

96 805 172 874 cepit
191 805 217 860 ei
237 805 356 873 angelus
370 805 494 871 Domini,
513 808 542 859 et
562 804 674 873 accepit
693 806 843 874 coniugem

96 902 186 940 suam.
215 885 252 939 Et
269 902 326 939 non
341 885 535 954 cognoscebat
549 901 613 938 eam
627 885 718 939 donec
731 885 843 954 peperit
862 885 896 937 25
908 893 922 925 [ι
933 893 970 935 w·

95 965 184 1020 filium
203 981 286 1019 suum
305 965 541 1033 primogenitum:
561 968 591 1019 et
607 965 724 1019 vocavit
740 981 843 1018 nomen

96 1045 158 1100 eius
177 1045 279 1100 Iesum.

168 1205 239 1260 Cum
259 1222 326 1274 ergo
344 1209 431 1260 natus
447 1210 525 1260 esset
538 1206 619 1261 Iesus
633 1207 662 1260 in
677 1206 842 1261 Bethlehem
862 1187 882 1258 2
906 1215 922 1248 11
934 1215 999 1256 ΞΗ.

95 1285 165 1341 luda
189 1287 219 1340 in
245 1285 346 1340 diebus
365 1285 486 1340 Herodis
511 1287 601 1356 regis,
627 1303 693 1340 ecce
712 1287 788 1356 Magi
806 1287 843 1340 ab
865 1293 868 1300 '

96 1366 204 1421 oriente
223 1370 363 1421 venerunt
380 1365 591 1436 lerosolymam,
607 1369 612 1407 ¹
628 1366 768 1422 dicentes:
789 1367 843 1422 Ubi
862 1371 879 1420 2
907 1376 936 1409 m
949 1377 1007 1417 Μ-

96 1450 142 1501 est
169 1447 218 1516 qui
245 1449 331 1501 natus
357 1450 402 1502 est
428 1463 478 1502 rex
503 1446 692 1502 Iudaeorum?
719 1447 843 1501 vidimus

96 1527 171 1582 enim
190 1527 303 1582 stellam
322 1527 383 1582 eius
402 1527 431 1581 in
451 1527 569 1594 oriente,
589 1532 618 1582 et
631 1528 762 1582 venimus
776 1527 844 1582 ado·

95 1625 160 1662 rare
179 1624 251 1662 eum.
288 1607 415 1662 Audiens
435 1611 531 1662 autem
550 1608 679 1663 Herodes
697 1625 760 1675 rex,
785 1612 844 1662 tur·
863 1613 880 1662 3

94 1689 182 1742 batus
201 1691 258 1755 est,
283 1691 312 1742 et
331 1688 422 1742 omnis
440 1689 614 1757 lerosolyma
632 1705 697 1743 curn
715 1689 770 1742 illo.
807 1688 844 1743 Et
862 1694 880 1743 4

96 1785 274 1838 congregans
300 1784 398 1823 omnes
424 1769 569 1838 principes
593 1769 788 1836 sacerdotum,
815 1772 844 1822 et
928 1824 932 1831 ,

96 1849 212 1904 Scribas
222 1848 328 1918 populi,
339 1849 543 1903 sciscitabatur
553 1849 589 1902 ab
601 1849 642 1903 eis
651 1848 700 1902 ubi
712 1848 843 1903 Christus

68 1928 279 2008 ζηαεοοπθωτ.-
302 1928 340 1983 At
358 1929 398 1982 illi
417 1929 550 1984 dixerunt
569 1929 607 1984 ei:
628 1929 658 1982 ln
677 1928 843 1983 Bethlehem
863 1934 879 1983 5
906 1944 951 1978 iren
963 1947 1000 1985 ur·
1044 1960 1049 1969 =

95 2008 195 2063 Iudae:
215 2009 263 2064 Sic
282 2009 357 2064 enim
376 2010 514 2078 scriptum
531 2013 577 2064 est
590 2026 642 2079 per
655 2010 843 2078 Prophetam:
906 1988 979 2030 ³⁷³²

131 2089 167 2142 Et
186 2092 218 2143 tu
237 2089 403 2144 Bethlehem
422 2093 499 2144 terra
513 2090 596 2156 luda,
863 2096 879 2145 6
961 2099 964 2107 ’

64 2232 68 2236 .
166 2186 348 2238 nequaquam
362 2171 480 2224 minima
494 2186 525 2224 es
535 2170 563 2223 in
574 2169 751 2238 principibus
761 2168 843 2223 Iuda:

132 2267 167 2304 ex
186 2255 215 2304 te
234 2250 310 2304 enim
330 2251 406 2304 exiet
425 2251 491 2316 dux,

167 2331 216 2399 qui
234 2333 318 2400 regat
335 2331 471 2399 populum
490 2346 585 2384 meum
603 2330 700 2384 Israel.

69 2409 86 2488 ¹⁶0
167 2411 248 2464 Tunc
272 2411 400 2464 Herodes
429 2411 502 2464 elam
529 2410 641 2465 vocatis
666 2410 758 2480 Magis
783 2410 880 2466 dili-7

94 2496 197 2561 genter
224 2490 324 2545 didicit
353 2492 388 2545 ab
417 2491 459 2545 eis
487 2495 606 2561 tempus*
629 2491 742 2559 stellae,
771 2509 844 2561 quae

96 2572 230 2642 apparuit
257 2571 313 2625 eis:
340 2575 369 2626 et
383 2572 511 2626 mittens
538 2572 601 2626 illos
620 2571 649 2624 in
669 2571 844 2640 Bethlehem,
864 2579 880 2628 8

96 2653 180 2708 dixit:
206 2653 257 2719 lte,
277 2655 306 2706 et
324 2652 499 2720 interrogate
519 2651 670 2721 diligenter
688 2651 723 2707 de
742 2670 843 2722 puero:

149 2819 176 2856 22
189 2812 214 2856 id
230 2812 293 2866 quod

149 2882 175 2918 23
190 2875 212 2930 g«
226 2874 355 2918 vocabitur
380 2875 383 2928 Ι
409 2875 561 2918 emmanuhel

149 2943 176 2981 24
190 2949 286 2991 exsurg.
301 2946 331 2980 etc

150 3001 189 3054 2,1
205 2999 325 3044 bethleem
340 3009 370 3043 etc
395 3003 399 3054 l
424 2999 525 3043 iudaeae
547 3001 551 3055 Ι
576 2999 763 3053 hierosolymam
776 3009 807 3043 eu

151 3070 162 3105 5
177 3063 198 3118 ᾗ
212 3063 272 3106 luda
285 3063 321 3118 m
335 3063 436 3106 iudaeae

150 3127 247 3180 eroget
272 3127 276 3178 Ι
301 3125 391 3169 israhel
406 3135 437 3168 etc

473 3205 487 3246 3
