2275 3434
311 145 361 199 AD
387 144 612 200 CORINTHIOS
634 144 655 199 Ι.
760 144 901 210 lae-34.

89 307 159 362 ficri
177 307 256 374 liber,
275 307 368 376 magis
386 310 475 362 utere.
508 306 562 376 Qui
582 306 658 361 enim
677 306 706 360 in
724 304 847 360 Domino
865 307 972 365 Qum.
984 323 1032 356 mm
1043 325 1070 356 ιε.

89 391 217 444 vocatus
243 391 288 443 θεῖ
311 403 427 455 servm,
452 387 573 444 libertus
592 391 637 442 est
655 385 784 442 Domini:
811 385 848 438 si-

91 468 202 523 militer
216 467 264 538 qui
279 467 350 523 liber
362 471 481 524 vocatus
495 471 549 535 θεῖ,
565 484 666 522 servus
677 470 723 522 est
732 464 847 520 Christi.

91 549 192 604 Pretio
213 549 301 619 empti
320 549 399 616 estis,
418 549 506 604 nolite
524 548 586 603 lieri
603 546 680 603 servi
693 546 847 602 hominum.
866 548 960 605 Qssono.

92 629 301 699 Unusquisque
326 629 354 683 in
374 646 431 698 quo
450 633 571 684 vocatus
590 633 649 697 θεῖ,
675 627 793 695 fratrea,
819 626 848 680 in
867 629 971 679 adimo.

93 711 151 764 hoc
169 713 338 779 permaneat
358 709 435 778 apud
453 709 553 764 Deum.

56 799 86 843 37
170 790 214 844 De
233 789 391 860 virginibus
414 793 511 844 autern
529 793 716 860 praeceptum
734 787 848 842 Domini
867 787 902 840 25
913 807 971 838 roo.

93 887 155 926 non
171 870 278 926 habeo:
295 869 444 925 consilium
461 874 558 926 autem
572 869 619 938 do,
633 873 781 939 tamquam
797 867 849 922 mi·
913 852 948 883 ¹T
959 852 1036 893 ¹’¹¹'¹⁸‘

95 950 283 1006 sericordiam
293 954 464 1006 consecutus
475 967 493 1004 a
502 950 634 1017 Domino,
641 953 674 1004 ut
683 949 738 1004 sim
747 948 847 1003 fidelia.

96 1031 238 1086 Existimo
247 1047 315 1100 ergo
322 1031 377 1086 hoc
383 1031 490 1085 bonum
497 1047 561 1085 esse
568 1030 849 1100 propterinstantem
867 1030 902 1081 26
912 1048 940 1080 m.
954 1047 1011 1088 roni

97 1111 312 1178 necessitatem,
335 1112 470 1180 quoniam
490 1110 597 1166 bonum
617 1114 662 1164 est
680 1109 787 1164 homini
806 1108 849 1163 sic

98 1207 171 1246 esse.
193 1191 334 1260 Alligatus
347 1208 378 1245 es
393 1191 493 1246 uxori?
507 1191 565 1245 noli
579 1206 717 1260 quaerere
730 1188 848 1244 solutio·
867 1190 902 1241 27

96 1287 171 1327 nem.
186 1271 303 1326 Solutus
312 1272 502 1326 esabuxore?
512 1271 569 1326 noli
578 1287 715 1340 quaerere
721 1286 847 1325 uxorem.

98 1353 142 1408 ¹si
154 1356 251 1407 autem
261 1352 406 1423 acceperis
416 1368 546 1406 uxorem:
556 1368 614 1406 non
623 1351 760 1422 peccasti.
776 1350 848 1406 Etsi
868 1352 903 1403 28
913 1371 928 1403 n
939 1371 998 1412 nm.

96 1433 230 1504 nupserit
244 1433 333 1502 virgo,
347 1449 405 1488 non
418 1433 562 1504 peccavit:
577 1432 792 1488 tribulationem
806 1435 849 1486 ta·

96 1531 163 1570 meu
185 1513 279 1569 carnis
297 1513 445 1569 habebunt
464 1512 635 1568 huiusmodi.
671 1512 732 1582 Ego
752 1514 849 1568 autem

97 1595 182 1650 vobis
196 1610 292 1663 parco.
318 1593 380 1649 Hoc
393 1594 492 1664 itaque
503 1593 577 1661 dico,
590 1594 708 1648 fratres:
723 1593 849 1662 Tempus
868 1593 929 1644 2912
941 1614 999 1653 mn.

96 1677 186 1731 breve
197 1676 254 1729 est:
265 1673 403 1744 reliquum
415 1679 468 1742 est,
477 1678 510 1730 ut
521 1679 550 1728 et
559 1675 610 1744 qui
618 1673 726 1728 habent
735 1689 849 1740 uxores,
913 1657 929 1689 L
940 1658 980 1689 ¹⁴⁹

97 1761 248 1825 tamquam
262 1771 319 1808 uon
334 1754 474 1809 habentes
489 1755 561 1809 sint:
578 1757 607 1808 et
621 1754 670 1823 qui
684 1753 763 1821 ssent,
777 1757 849 1808 tam·
911 1808 914 1815 ,

99 1853 187 1905 quam
205 1851 262 1890 non
280 1834 397 1889 flentes:
424 1839 454 1888 et
472 1835 521 1904 qui
539 1834 682 1904 gaudent,
700 1838 849 1903 tamquam
868 1833 904 1884 30

100 1933 156 1972 non
174 1915 350 1985 gaudentes:
376 1915 474 1983 etqui
493 1918 606 1982 emunt,
625 1917 774 1983 tamquam
792 1930 848 1968 non

103 1995 297 2064 possidentes:
326 1998 355 2050 et
374 1994 422 2064 qui
441 1998 561 2049 utuntur
575 1994 758 2062 hosmundo,
777 1998 849 2049 tam-
868 1995 901 2047 31
914 2012 1045 2055 ronna-n.

105 2092 187 2144 quam
200 2093 258 2130 non
271 2079 402 2130 utantur:
418 2074 556 2144 praeterit
571 2075 647 2130 enim
660 2075 753 2144 figura
764 2074 849 2128 huius

102 2157 206 2211 mundi.
239 2155 309 2210 Volo
326 2159 423 2210 autem
437 2171 489 2209 vos
503 2155 565 2209 sine
581 2155 761 2210 solicitudine
775 2171 848 2210 θεεθ.
868 2157 903 2207 32

100 2236 156 2306 Qui
174 2237 236 2290 sine
255 2253 344 2291 uxore
363 2239 416 2303 est,
436 2235 564 2290 solicitus
584 2239 630 2289 est
646 2251 720 2305 quae
735 2235 848 2290 Domini
911 2293 914 2296 ,

99 2321 177 2385 sunt,
195 2315 339 2386 quomodo
357 2317 471 2385 placeat
488 2315 558 2370 Deo.
592 2315 647 2384 Qui
669 2320 764 2371 autem
784 2332 848 2369 curn
868 2317 998 2375 33a1nm.

98 2414 188 2452 uxore
206 2401 260 2464 θεῖ,
274 2396 402 2451 solicitus
419 2400 465 2451 est
481 2413 555 2465 quae
573 2400 642 2450 sunt
659 2395 766 2463 mundi,
781 2413 849 2464 quo·
913 2380 981 2412 ³⁶²⁹

98 2477 185 2532 modo
194 2479 308 2547 placeat
317 2477 458 2544 uxori‚¹et
468 2475 578 2531 divisus
589 2481 642 2532 est.
657 2476 694 2530 Et
700 2475 801 2529 mulier
808 2476 849 2528 in·
868 2478 904 2528 34

99 2562 200 2628 nupta,
212 2561 241 2613 et
253 2558 332 2628 virgo
344 2557 453 2627 cogitat
467 2573 541 2627 quae
551 2556 666 2612 Domini
680 2558 757 2623 sunt,
767 2558 799 2609 ut
810 2555 849 2609 sit

100 2642 203 2694 sancta
211 2642 373 2708 corpore,et
380 2637 491 2708 spiritu.
504 2637 585 2707 Quae
593 2641 689 2692 autem
697 2639 788 2707 nupta
796 2639 849 2702 est,

100 2719 210 2790 cogitat
220 2735 294 2789 quae
305 2723 372 2773 sunt
383 2718 490 2786 mundi,
503 2718 645 2788 quomodo
656 2718 770 2787 placeat
779 2715 848 2770 viro.

153 2861 179 2897 21
195 2853 356 2906 >libentiori
383 2860 409 2897 22
423 2853 495 2898 simil.
508 2855 550 2904 [et]
580 2860 605 2896 24
618 2851 812 2907 Unusqergofi
833 2853 838 2899 l

101 2910 139 2952 est
154 2907 240 2963 frater,
256 2908 277 2963 8
294 2910 327 2958 l·
344 2907 432 2951 fratres
449 2909 485 2957 F)
510 2909 514 2960 l
540 2910 639 2951 maneat
655 2909 680 2947 F
724 2913 751 2950 25
767 2908 847 2949 miser.

102 2974 171 3006 suam
178 2963 212 3003 A·
240 2968 266 3005 aa
279 2965 353 3016 ergo]
364 2961 457 3016 enim&
475 2963 479 3014 l
499 2960 609 3004 -hocA
639 2960 816 3013 aspaooabitA
834 2961 838 3011 Ι

103 3016 208 3060 -vobis
218 3015 255 3058 ΓΙ
276 3017 279 3068 Ι
300 3017 431 3069 parcamA
471 3020 497 3058 29
512 3014 588 3068 [quia]
602 3017 697 3067 tempus
719 3016 722 3067 Ι
745 3035 769 3046 -
784 3016 809 3057 et
822 3013 849 3055 1⁰

103 3068 189 3122 [QJAF
214 3070 394 3113 32-autemF
419 3075 446 3110 33
459 3067 529 3112 huius
539 3067 656 3112 mundiA
683 3067 850 3112 aldimsaest

102 3123 186 3167 mulier
200 3126 224 3165 et
237 3123 307 3176 virgo
323 3133 384 3176 quae
398 3123 500 3174 innupta
514 3125 553 3164 est
564 3124 589 3162 F
602 3125 606 3175 l
623 3121 661 3164 dai
675 3122 708 3161 ΑΙ
723 3122 727 3174 Ι
744 3123 769 3164 θῖ
783 3131 847 3174 corp.

462 3201 503 3246 aa?
