2275 3434
206 145 330 213 ia-u.
413 145 532 200 ACTVS
556 144 837 201 APOSTOLORVM.

110 326 138 360 ut
149 326 197 369 an.
226 310 242 358 3
262 305 310 362 ubi
326 310 407 361 eraut
422 306 564 362 sedentea.
584 307 621 361 Et
631 309 826 377 apparuerunt
835 306 891 359 illis
900 304 995 371 disper-

261 387 333 441 titae
357 386 470 456 linguae
493 390 641 456 tamquam
660 386 748 456 ignia,
771 386 902 454 seditque
920 399 997 451 supra

145 486 197 527 aa,
225 470 243 520 4
262 466 389 537 singulos
404 484 515 522 eorum:
544 472 574 521 θῖ
587 467 689 536 repleti
703 471 772 521 sunt
785 482 884 521 omnes
899 462 999 533 Spiritu

95 532 197 616 ¹⁰’⁴1i,‘n⁴.⁰3
262 550 372 615 sanato,
389 551 418 602 et
432 552 588 617 coeperunt
602 547 679 617 loqui
693 546 780 601 variis
795 546 909 616 linguis,
924 547 1002 613 prout

139 647 197 687 nau.
226 627 387 697 hSpiritus
412 632 531 682 sanctus
557 628 646 682 dabat
672 628 765 697 eloqui
783 627 846 681 illis.
919 626 1003 679 Erant

124 716 127 720 “
262 711 358 762 autem
387 708 415 761 in
443 709 596 763 Ierusalem
624 708 790 763 habitantes
815 706 927 772 ludaei,
954 704 1005 759 viri

261 788 386 858 religiosi
405 789 536 843 exomni
555 789 680 855 natione,
699 804 773 858 quae
792 788 845 841 sub
862 788 941 841 eaelo
957 789 1007 840 est.

226 872 242 920 6
261 868 350 923 Facta
370 874 465 923 autem
485 870 540 923 hac
554 885 632 935 voce,
652 868 785 923 convenit
799 867 962 934 multitudo,
980 871 1009 920 et

261 952 357 1003 mente
383 950 503 1004 confusa
529 954 590 1017 est,
615 950 750 1018 quoniam
768 947 906 1003 audiebat
923 963 1010 1002 unus·

123 1092 126 1095 Ι
226 1030 241 1079 7
262 1028 382 1099 quisque
401 1030 499 1099 lingua
514 1046 567 1084 sua
581 1030 644 1084 illos
659 1031 817 1099 loquentea
846 1028 1011 1097 Stupebant

262 1113 358 1163 autern
373 1126 480 1177 omueS,
500 1114 529 1164 θῖ
542 1109 730 1177 mirabantur,
749 1109 889 1164 dieentes:
909 1109 1011 1163 Nonne

262 1205 327 1244 eece
347 1207 446 1245 omnes
464 1190 521 1257 isti,
543 1190 590 1259 qui
609 1191 778 1260 loquuntur,
794 1190 913 1245 Galilaei
933 1194 1011 1250 sunt.

226 1270 243 1321 8
262 1272 291 1323 et
317 1270 457 1338 quomodo
483 1288 535 1326 nos
562 1270 723 1325 audivimus
742 1270 941 1339 unusquisque
960 1271 1012 1325 lin·

226 1352 243 1401 9
261 1366 350 1418 guam
371 1353 514 1416 nostram,
541 1350 569 1405 in
589 1368 646 1420 qua
663 1351 726 1407 nati
744 1351 864 1405 sumus?
901 1350 1012 1415 Parthi,

263 1432 292 1483 et
310 1429 392 1496 Medi,
418 1434 448 1485 et
465 1431 633 1497 Aelamitae,
652 1431 748 1500 etqui
767 1430 901 1485 habitant
919 1430 1012 1485 Meso-

261 1509 427 1577 potamiam,
440 1509 584 1577 Iudaeam,
599 1513 628 1565 et
641 1509 863 1580 Cappadociam,
877 1511 1012 1577 Pontum,

202 1591 244 1653 Ι10
263 1592 292 1642 θῖ
305 1589 411 1657 Asiam,
428 1590 607 1660 'Phrygiam
626 1595 655 1647 'et
672 1591 879 1661 Pamphyliam,
897 1591 1012 1661 Aegyp·

262 1673 332 1736 tum,
347 1674 377 1724 θῖ
389 1674 488 1738 partes
502 1670 619 1741 Libyae,
634 1688 709 1741 quae
723 1676 768 1726 est
782 1672 859 1725 circa
869 1670 1012 1740 Cyrenen,

209 1750 242 1803 11
263 1752 292 1802 θῖ
311 1748 438 1805 advenae
457 1750 594 1818 Romani,
611 1751 724 1807 'Iudaei
743 1768 872 1821 quoque,
894 1755 925 1805 et
942 1752 1012 1805 Pro-

262 1829 360 1897 selyti,
381 1828 495 1897 Cretae,
522 1835 550 1887 et
568 1832 693 1888 Arabes:
721 1832 882 1886 audivimus
901 1848 952 1887 eos
973 1833 1012 1889 lo·

209 1910 243 1962 12
263 1912 383 1978 quantes
402 1912 508 1966 nostris
527 1912 631 1981 linguis
650 1913 794 1982 magnalia
809 1912 872 1967 Dei.
906 1912 1012 1983 Stupe-

262 1988 334 2044 bant
353 1993 449 2045 autem
468 2008 576 2058 omneS,
595 1996 625 2046 θῖ
643 1992 821 2047 mirabantur
835 1992 871 2047 ad
888 1993 1010 2048 invicem

66 2087 105 2121 aa
117 2071 244 2129 marolii
263 2069 406 2124 dicentes:
427 2070 568 2139 Quidnam
583 2072 645 2128 vult
661 2074 715 2127 hoe
730 2073 815 2127 esse?
843 2072 898 2127 Alii
913 2077 1011 2129 autem

128 2132 177 2165 ¹¹¹¹·
263 2148 414 2204 irridentes
442 2150 590 2207 dicebant:
619 2153 693 2221 Quia
720 2157 815 2207 musto
840 2153 916 2222 pleni
943 2157 1012 2208 sunt

40 2247 198 2291 alariarum.
210 2232 245 2284 14
263 2229 319 2283 isti.
394 2230 481 2285 Stans
501 2237 598 2286 autem
616 2233 719 2288 Petrus
738 2250 802 2288 oum
821 2232 954 2287 undecim
974 2236 1037 2289 le-4

263 2310 343 2364 vavit
360 2326 459 2365 voeem
477 2327 568 2378 suam,
588 2315 618 2367 et
635 2314 748 2368 loeutus
768 2316 813 2367 est
832 2313 888 2367 eis:

341 2390 399 2443 Viri
440 2391 552 2458 Iudaei,
595 2395 625 2447 et
666 2394 714 2462 qui
755 2393 894 2448 habitatis
935 2394 1010 2449 Ieru-

263 2571 475 2581 ——-..-.-.›-.

316 2706 329 2743 4
343 2701 441 2752 variis]
457 2701 512 2747 aliis

315 2774 427 2827 elingua
441 2774 525 2817 nostra
551 2774 554 2829 Ι
578 2780 610 2827 fin
624 2775 667 2817 -i

315 2844 456 2888 aelamitae
481 2846 485 2897 Ι
512 2848 537 2890 et
551 2845 663 2889 iudaeam
768 2897 770 2901 ⁸
874 2898 878 2903 .

316 2922 343 2958 10
356 2914 513 2969 pamphiliam
538 2918 542 2969 Ι
567 2916 649 2970 lybiae
724 2959 727 2964 .

317 2993 341 3029 11
355 2986 406 3039 lin?

213 3058 215 3063 '
316 3064 342 3100 12
358 3062 379 3108 >
395 3058 506 3102 hoovult
557 3049 560 3054 ’

606 3192 648 3233 uu
