2275 3434
250 105 400 171 'ida—Sd.
486 102 684 158 SECVNDVM
712 101 845 156 utenti.

305 266 375 331 eius,
396 270 426 319 et
445 264 555 334 capillis
575 263 678 332 capitis
697 263 742 316 sui
761 261 903 332 tergebat,
923 266 953 316 et
976 281 1064 317 oscu-

305 346 419 400 labatur
450 343 539 413 pedes
572 343 647 409 eiua,
680 347 709 397 et
740 345 887 411 unguento
916 342 1063 412 ungebat.

167 445 239 488 acu.
252 433 286 482 39
304 426 411 481 Videas
430 428 527 480 autem
541 424 723 490 Pharisaeus,
743 423 792 492 qui
809 427 967 476 vocaverat
986 440 1064 478 euin

306 507 347 561 ait
371 507 446 562 intra
472 522 503 559 se
529 503 642 559 dicens:
670 503 724 557 Hic
749 503 774 557 si
800 507 878 557 esset
903 503 1065 572 propheta.

305 587 393 642 sciret
411 587 519 655 utique,
537 601 621 654 quae,
641 587 670 638 et
684 584 777 654 qualis
792 586 838 638 eat
851 583 964 650 mulier,
985 603 1065 653 quae

251 674 287 723 40
305 667 401 737 tangit
425 683 505 720 eum:
531 665 597 734 (pria
623 664 769 735 peccatrix
793 667 845 720 est.
883 663 919 720 Et
938 681 1066 736 respon-

306 747 377 802 dens
396 747 484 813 IesuS,
505 745 577 800 dixit
596 745 632 800 ad
652 746 743 800 illum:
764 743 871 810 Simon,
889 743 989 800 habeo
1013 749 1066 802 tini

307 827 414 896 aliquid
442 827 544 882 dicere.
588 827 626 881 At
653 826 699 880 ille
729 825 783 880 ait:
816 825 972 895 Magister,
1012 828 1066 882 dic.

251 915 285 966 41
307 909 370 962 Duo
391 908 534 964 debitores
551 912 633 962 erant
648 906 761 962 arridani
777 905 965 962 soerreratori:
987 925 1066 962 unu>

308 989 431 1044 debebat
446 988 579 1044 denarios
594 987 773 1058 quuigentoa
789 992 817 1042 et
832 986 904 1042 alius
917 987 1066 1058 quiuqua-

251 1077 288 1126 42
307 1071 397 1138 ginta.
433 1069 496 1124 Non
519 1068 693 1124 habentibus
717 1067 771 1121 illis
795 1066 871 1122 unde
895 1065 1065 1124 redderent.

309 1149 426 1204 donavit
445 1150 583 1219 utrisque.
617 1149 687 1218 Quis
704 1165 772 1216 ergo
787 1164 852 1202 euru
865 1146 930 1216 plus
945 1146 1065 1218 diligit?

254 1239 290 1287 43
308 1229 495 1298 Respondeas
510 1229 609 1285 Simon
628 1229 714 1285 dixit:
734 1228 861 1283 Aestima
877 1228 944 1297 quia
959 1229 996 1296 ia,
1021 1233 1064 1284 cui

309 1311 374 1380 plus
393 1310 518 1366 donavit.
551 1311 589 1365 At
605 1310 651 1365 ille
667 1309 738 1364 dixit
753 1311 793 1364 ei:
812 1309 900 1364 Recte
914 1308 1064 1365 iudicasti

154 1408 186 1443 a„
198 1411 245 1453 aa.
255 1398 291 1448 rt
309 1391 346 1445 Et
360 1407 514 1446 conversus
530 1390 567 1447 ad
581 1391 735 1458 mulierem,
751 1389 823 1444 dixit
834 1389 955 1446 Simoni:
974 1390 1064 1446 Vides

310 1471 384 1526 hanc
392 1472 557 1526 mulierem?
573 1471 680 1526 Intravi
690 1471 719 1525 in
730 1471 844 1526 dommn
854 1475 943 1538 tuam,
954 1487 1064 1542 aquarn

309 1550 431 1620 pedibus
450 1552 521 1606 meis
541 1569 598 1606 non
617 1550 736 1606 dedisti:
763 1551 834 1606 haec
854 1554 949 1605 autem
970 1552 1065 1622 lacry-

310 1633 364 1687 mis
383 1632 488 1702 rigavit
505 1631 595 1701 pedes
614 1649 702 1699 meos,
723 1636 750 1686 et
767 1631 876 1701 capillis
892 1631 952 1686 suis
967 1635 1064 1688 tersit.

161 1721 291 1774 ararent
311 1714 447 1767 Osculum
475 1712 543 1766 milri
572 1730 628 1768 non
658 1712 776 1768 dedisti:
805 1712 876 1766 haec
901 1715 1003 1768 autem
1032 1733 1064 1768 ex

312 1811 368 1863 quo
382 1793 509 1860 intravit,
523 1810 580 1847 non
596 1793 721 1848 cessavit
736 1793 858 1848 osculari
871 1791 960 1861 pedes
971 1810 1064 1850 meos.

256 1882 292 1932 46
311 1874 381 1929 Oleo
408 1876 495 1942 caput
520 1889 615 1928 meum
638 1891 695 1928 non
719 1873 840 1928 unxisti:
867 1874 939 1928 haec
962 1880 1063 1931 autem

256 1964 291 2013 47
312 1957 459 2023 unguento
488 1955 570 2010 unxit
597 1954 686 2024 pedes
712 1971 799 2009 meos,
836 1955 959 2023 Propter
986 1958 1064 2028 quod

313 2035 375 2089 dieo
395 2035 461 2089 tibi:
480 2035 676 2090 Remittuntur
695 2035 720 2088 ci
739 2039 860 2105 peccata
874 2035 973 2104 multa,
995 2057 1064 2107 quo·

312 2115 389 2170 niam
415 2115 513 2173 dilexit
538 2117 667 2170 multum.
706 2116 758 2170 Cui
785 2119 881 2171 autem
906 2115 1004 2172 minus
1026 2119 1064 2172 di-

171 2205 294 2254 5,20.a.48
313 2195 443 2264 mittitur,
462 2196 556 2252 minus
576 2196 676 2266 diligit.
709 2196 789 2250 Dixit
808 2199 904 2251 autem
919 2195 956 2250 ad
970 2197 1063 2254 illam:

258 2285 294 2334 49
312 2277 507 2332 Remittuntur
532 2277 586 2331 tini
610 2280 738 2347 peccata.
777 2277 813 2330 Et
839 2281 996 2346 coeperunt
1016 2282 1063 2350 qui

314 2358 397 2412 simul
417 2359 634 2425 accnmbebant,
654 2357 746 2412 dicere
765 2359 841 2413 intra
860 2374 905 2412 se:
927 2357 998 2426 Quis
1021 2368 1064 2416 est

123 2446 295 2496 aoe÷1⁷n⁹÷50
314 2439 368 2506 hic,
387 2440 435 2508 qui
454 2439 540 2494 etiam
560 2440 681 2507 peccata
701 2438 837 2493 dimittit?
865 2437 946 2492 Dixit
965 2445 1063 2496 autem

147 2501 205 2540 Μ’
315 2520 352 2575 ad
370 2520 529 2574 mulierem:
549 2517 633 2573 Fides
653 2522 703 2574 tua
719 2523 748 2586 te
764 2521 870 2573 salvam
888 2518 968 2572 fecit:
989 2523 1063 2577 vade

314 2617 441 2669 rapace.

202 2707 250 2745 aas.
275 2676 295 2748 8
385 2680 422 2734 Et
432 2679 541 2734 factum
552 2685 597 2734 est
607 2680 750 2750 deinceps
762 2685 790 2735 et
800 2682 862 2750 ipse
873 2681 928 2735 iter
938 2680 1063 2737 t'aciebat
1074 2682 1087 2760 J]

235 2778 237 2782 ·
314 2778 366 2830 per
376 2759 517 2827 civitates
528 2764 556 2815 et
567 2763 686 2816 castella
695 2761 874 2831 praedicam,
883 2765 912 2816 et
922 2765 1063 2831 evangeli-

369 2962 489 3003 ae-est
503 2960 528 3001 1⁰
583 2962 687 3002 41-et
741 2957 868 3013 radingae
922 2958 1061 3014 lag-in

317 3029 342 3066 47
356 3022 511 3066 remittentur
572 3029 598 3066 48
612 3021 634 3078 ᾗ
647 3033 713 3076 pecc.
728 3025 771 3065 tna

300 3083 306 3089 '
371 3084 409 3139 8,1
425 3084 550 3129 civitatem
565 3087 590 3127 et
604 3083 732 3129 castellum

663 3163 703 3210 166
