2275 3434
285 164 404 222 ACTVS
428 165 710 223 APOSTOLORVM.
747 169 916 237 tar-lta.

112 344 189 397 quae
212 328 403 397 interpretata
427 327 530 383 dicitur
548 329 666 383 Dorcas
704 327 864 382 Haeserat

112 409 200 478 plena
225 408 359 477 operibus
385 408 484 477 bonis,
510 413 539 463 et
563 408 766 477 eleemosyniS‚
791 426 863 477 quas

112 488 250 543 faciebat.
288 488 408 543 Factum
434 493 479 544 est
505 494 602 544 autem
626 490 656 543 in
680 488 781 543 diebus
799 489 863 557 iliis,
882 494 916 543 37

111 572 146 623 ut
164 568 309 623 infirmata
328 573 492 624 moreretur.
524 570 616 639 Quam
635 586 699 623 cum
715 569 863 637 lavissent,

112 652 273 718 posuerunt
305 665 369 703 eam
402 650 431 703 in
459 651 622 704 coenaculo
667 649 738 704 Cum
767 653 864 704 autem
882 654 917 704 38

112 745 202 798 prope
240 733 319 784 esset
356 729 455 799 Lydda
492 731 528 784 ad
565 731 688 800 ioppen,
732 729 863 800 discipuli

112 810 264 864 audientes
292 810 359 879 quia
376 810 480 865 Petrus
504 814 582 866 esset
601 811 629 866 in
649 827 699 878 ea,
725 811 864 865 miserunt

111 890 185 944 duos
210 890 286 945 viros
313 890 350 945 ad
375 907 455 957 eum,
481 894 632 961 rogantes:
657 892 699 946 Ne
718 891 863 960 pigriteris

111 971 210 1025 venire
230 987 321 1040 usque
341 970 378 1025 ad
393 988 454 1027 nos.
483 972 632 1041 Exurgens
648 975 745 1027 autem
760 972 863 1025 Petrus
882 976 916 1025 39

111 1050 192 1105 venit
211 1068 276 1105 cum
295 1051 360 1107 illis.
390 1052 424 1106 Et
443 1069 508 1107 cum
527 1052 701 1119 advenisset,
721 1051 864 1107 duxerunt

112 1132 190 1185 illurn
210 1132 240 1185 in
255 1132 455 1187 coenaculum:
477 1136 505 1187 et
520 1133 771 1187 circumsteterunt
785 1133 863 1187 illum

111 1228 211 1267 omnes
224 1211 329 1267 viduae
343 1212 453 1280 flentes
469 1217 498 1267 et
507 1213 694 1268 ostendentes
705 1213 731 1267 ei
741 1213 863 1280 tunicas,

111 1298 140 1347 et
158 1297 267 1360 vestes
289 1310 362 1362 quas
382 1293 508 1349 faciebat
527 1294 582 1348 iilis
602 1294 719 1349 Dorcas
756 1294 863 1348 Eiectis
881 1296 917 1347 40
927 1314 957 1346 m
968 1316 1045 1356 aron.

112 1379 210 1427 autem
237 1374 369 1428 omnibus
395 1375 487 1429 toras:
514 1375 617 1429 Petrus
639 1391 750 1444 ponens
768 1390 864 1444 genua

111 1454 219 1508 oravit:
250 1457 279 1508 et
305 1470 459 1509 conversus
486 1455 522 1509 ad
548 1472 667 1524 corpus,
694 1455 779 1511 dixit:
809 1455 863 1509 Ta-

109 1534 209 1601 bitha,
229 1550 323 1603 surge.
360 1534 464 1589 Atilia
483 1535 596 1604 aperuit
615 1536 712 1590 oculos
731 1552 814 1589 suos:
834 1539 864 1589 et

110 1614 173 1669 viso
194 1614 294 1682 Petro,
314 1614 429 1669 resedit.
466 1615 545 1670 Dans
566 1620 663 1671 autem
681 1616 719 1670 ilii
738 1632 863 1681 manum,
881 1617 914 1668 41
926 1637 955 1668 a.

110 1694 204 1749 erexit
223 1711 295 1748 eam.
333 1694 370 1748 Et
388 1711 453 1749 cum
471 1700 606 1751 vocasset
624 1700 755 1763 sanctos
775 1700 804 1750 et
822 1696 863 1749 vi·

111 1775 200 1842 duae,
228 1773 388 1843 assignavit
414 1792 477 1829 eam
500 1777 604 1831 vivam.
642 1776 747 1831 Notum
766 1780 862 1831 autem
880 1780 916 1831 42

112 1856 222 1910 facturn
250 1859 295 1910 est
320 1872 371 1923 per
394 1856 558 1911 universam
577 1857 699 1926 ioppen:
726 1861 755 1911 et
774 1856 863 1911 credi-

116 1935 216 1991 derunt
241 1935 324 1989 multi
348 1935 376 1990 in
396 1936 524 1991 Domino.
563 1936 682 1991 Factum
702 1941 747 1992 est
767 1941 862 1991 autem
881 1942 916 1992 43
929 1959 973 1998 aa.

116 2019 149 2068 ut
177 2016 240 2070 dies
273 2016 377 2071 multos
408 2020 567 2071 moraretur
595 2016 624 2069 in
651 2017 754 2085 Ioppe,
786 2017 863 2085 apud

118 2094 258 2151 Simonem
280 2096 422 2165 quendam
441 2096 601 2151 coriarium.

78 2262 108 2307 28
184 2256 235 2311 Vir
245 2260 341 2312 autem
352 2257 468 2326 quidam
479 2260 541 2311 erat
550 2256 578 2310 in
588 2255 739 2323 Caesarea,
749 2257 862 2311 nomine
880 2252 916 2323 10
928 2278 954 2312 m
966 2280 1002 2320 aa

113 2334 271 2405 Comedus
286 2336 422 2392 Centurio
441 2337 576 2404 cohortis,
591 2353 665 2407 quae
685 2336 789 2392 dicitur
807 2338 862 2391 Ita·
926 2326 973 2365 ²⁷¹¹·

112 2417 357 2487 lica,¹religiosus‚
365 2434 399 2471 ac
405 2418 509 2473 timens
517 2418 609 2472 Deum
620 2434 684 2471 cum
694 2418 771 2472 omni
779 2418 862 2471 domo
881 2424 898 2473 2

112 2514 175 2565 sua,
183 2498 294 2553 faciens
306 2497 502 2568 eleemosynas
513 2499 619 2553 multas
629 2498 715 2567 plebi,
724 2502 753 2553 et
763 2498 862 2566 depre-

113 2594 183 2632 cans
198 2579 291 2632 Deum
306 2594 433 2647 semper:
452 2579 477 2633 is
491 2577 564 2634 vidit
579 2579 608 2632 in
622 2578 686 2633 visu
700 2578 862 2645 manifeste,
881 2583 898 2634 3
926 2601 962 2641 ar.

113 2658 196 2726 quasi
210 2658 280 2712 hora
293 2657 349 2711 diei
362 2675 445 2726 nona,
456 2660 596 2729 Angelum
606 2659 659 2713 Dei
672 2659 862 2714 introeuntem

113 2738 150 2791 ad
165 2754 206 2805 se,
219 2742 248 2793 et
261 2737 403 2793 dicentem
419 2739 483 2805 sibi,
494 2739 614 2794 Corneli.
639 2741 677 2794 At
689 2740 736 2793 ille
748 2740 862 2794 intuens
881 2745 899 2793 4

113 2834 188 2885 eum,
198 2817 300 2873 timore
311 2824 467 2887 correptus,
478 2820 563 2874 dixit:
578 2820 652 2889 Quid
662 2824 715 2887 est,
724 2820 862 2874 Domine?

114 2896 194 2953 Dixit
219 2902 315 2953 autem
337 2899 390 2953 illi:
416 2898 567 2955 Orationes
591 2904 672 2967 tuae,
694 2904 723 2954 et
743 2901 862 2954 eleemo-

167 3039 193 3075 38
207 3033 239 3077 ab
254 3034 325 3088 ioppe
393 3040 419 3077 39
434 3034 454 3089 ᾗ
470 3034 674 3078 circunsteterunt
699 3035 703 3088 Ι
730 3036 791 3079 -ei

168 3092 194 3129 40
207 3088 287 3131 tabita
355 3093 382 3130 43
397 3092 419 3137 >
436 3088 522 3141 quand.
538 3087 655 3131 simonem

168 3140 322 3194 to,2ae]et
363 3141 663 3195 3-ist>nonadiei
704 3142 862 3195 rgquises

477 3219 517 3265 327
