2275 3434
317 173 425 232 PETRI
447 173 629 233 EPISTOLA
650 175 683 232 Il.
776 178 920 246 ‘alr-20.

94 339 247 390 rmantes:
267 337 316 390 ubi
334 337 427 406 angeli
443 337 620 406 fortitudine,
639 340 668 394 et
682 339 788 394 virtute
803 355 867 393 cum
888 342 919 395 ll
930 358 957 392 ra
968 361 986 393 o.

120 417 181 471 sint
198 418 339 486 maiores,
364 421 556 488 non-portant
580 419 735 474 adversum
752 435 784 473 se
803 436 868 474 exe·
952 466 956 471 .

121 497 228 552 crabile
247 498 392 554 iudicium.

193 577 230 634 Hi
248 595 316 634 vero
330 580 409 634 velut
427 578 635 636 irrationabilia
652 597 766 651 pecora,
784 582 868 635 natu·
888 583 922 636 12
930 601 957 634 ra
969 603 999 634 ιο.

120 659 221 714 raliter
239 660 267 714 in
286 659 461 730 captionem,
487 664 517 714 et
542 661 572 714 in
590 660 745 731 perniciem
769 662 799 715 in
822 661 867 714 his
930 647 1023 689 ‘'⁴⁹³³''

121 755 196 808 quae
215 739 349 810 ignorant
373 740 609 810 blasphemantes
634 741 868 811 incorruptione

121 837 177 874 sua
194 820 343 890 peribunt,
368 821 560 891 percipientes
579 821 739 877 mercedem
757 822 868 877 iniusti·
888 824 958 891 lbra
970 843 997 875 12.

121 901 196 969 tiae,
221 902 398 971 voluptatem
426 902 625 957 existimantes
654 902 710 957 diei
736 902 867 958 delicias:

122 981 379 1051 coinquinationes
395 986 424 1037 et
438 983 568 1037 maculae
583 981 692 1038 deliciis
707 983 868 1051 affluentes
951 1009 954 1014 ·

122 1063 152 1116 in
168 1062 307 1116 conviviis
322 1062 383 1117 suis
398 1061 575 1118 luxuriantes
586 1063 743 1131 vobiscum,
754 1065 868 1118 ¹oculos
889 1065 923 1116 14

122 1141 263 1197 habentes
281 1143 381 1212 plenos
401 1143 548 1211 adulterii,
574 1147 604 1198 et
621 1143 802 1200 incessabilis
822 1143 869 1198 de·

121 1223 191 1277 lieti.
220 1222 400 1278 Pellicientes
416 1225 526 1278 animas
545 1223 705 1292 instabiles,
724 1241 773 1279 cor
791 1240 869 1279 exer·

122 1304 245 1358 citatum
263 1303 385 1359 avaritia
403 1304 559 1372 habenteS,
578 1304 786 1360 maledictionis
804 1304 868 1359 filii:

123 1385 353 1454 derelinquentes
367 1388 475 1440 rectam
489 1384 565 1439 viam
583 1387 759 1453 erraverunt,
777 1385 869 1440 secuti
889 1385 962 1438 lbra
973 1404 1021 1444 aar.

122 1466 200 1521 viam
225 1466 344 1520 Balaam
372 1467 407 1521 ex
426 1465 530 1532 Bosor,
558 1467 607 1536 qui
633 1465 794 1521 mercedem
817 1465 870 1520 ini·
932 1447 1022 1525 idid·

123 1547 244 1617 quitatis
255 1547 376 1602 amavit:
393 1548 601 1617 correptionem
611 1564 678 1602 vero
687 1547 790 1602 habuit
799 1561 869 1600 suae
891 1548 924 1598 le
933 1564 963 1598 m
974 1565 1033 1605 ass.

123 1627 273 1682 vesaniae:
299 1627 449 1697 subiugale
474 1629 587 1682 mutum
609 1626 729 1695 animal,
747 1626 870 1682 hominis

123 1724 194 1763 voce
204 1709 332 1778 loquens
342 1707 488 1777 prohibuit
499 1707 658 1776 prophetae
666 1707 870 1777 insipientiam.

99 1789 161 1844 8Ηί
180 1793 248 1845 sunt
266 1789 362 1845 fontes
381 1788 443 1842 sine
462 1804 546 1858 aqua,
565 1791 595 1843 et
612 1787 734 1842 nebulae
753 1786 871 1842 turbini·
892 1788 924 1838 17
934 1803 961 1837 ra
973 1804 1031 1837 ιω.

123 1870 179 1924 bus
207 1870 389 1939 exagitatae,
426 1868 530 1938 quibus
563 1868 656 1936 caligo
688 1866 871 1922 tenebrarum

123 1953 294 2005 reservatur.
331 1948 464 2018 Superba
488 1949 563 2003 enim
589 1947 727 2002 vanitatis
754 1949 871 2017 loquen-
891 1947 1001 1999 lssraro.

123 2035 185 2100 teS,
212 2031 359 2100 pelliciunt
386 2030 415 2085 in
444 2029 594 2084 desideriis
621 2027 715 2082 carnis
742 2027 871 2082 luxuriae

125 2127 184 2179 ece,
201 2112 249 2181 qui
263 2111 410 2180 paululum
426 2109 575 2178 effugiunt,
590 2109 683 2179 quiin
698 2125 791 2163 errore
806 2125 871 2162 con·

123 2195 290 2246 versantur:
315 2191 476 2246 libertatem
495 2190 550 2245 illis
569 2190 787 2258 promittentes»,
806 2205 871 2243 cum
892 2188 1006 2249 lilaea.

123 2272 180 2342 ipsi
199 2271 275 2326 servi
293 2271 352 2326 sint
370 2271 576 2340 corruptionis:
600 2287 618 2324 a
637 2286 693 2339 quo
712 2269 788 2323 enim
807 2268 871 2337 quis
934 2287 1009 2328 aare.

124 2356 278 2422 superatus
298 2355 356 2420 est,
375 2351 461 2406 huius
480 2355 510 2407 et
528 2367 630 2405 servus
655 2352 709 2404 est.
747 2349 778 2404 Si
796 2349 872 2402 enim
890 2349 963 2400 ‘lom
975 2367 1032 2407 rna.

123 2432 301 2502 refugientes
327 2430 575 2502 coinquinationes
599 2428 698 2484 mundi
722 2429 751 2483 in
777 2429 872 2498 cogni-

124 2513 202 2568 tione
217 2512 331 2567 Domini
345 2513 445 2581 nostri,
460 2515 489 2567 et
503 2511 663 2566 Salvatoris
677 2510 742 2564 lesu
757 2509 872 2577 Christi,

177 2725 203 2762 12
217 2720 242 2762 et
255 2718 332 2772 parib.
367 2724 393 2761 13
407 2717 559 2762 voluntatem
573 2719 598 2759 A
611 2716 614 2770 Ι
627 2715 695 2760 dllic·
710 2719 743 2758 oss
756 2715 794 2767 A!
807 2713 872 2758 coin·

124 2781 273 2836 quinationis
288 2781 334 2836 §A
347 2780 351 2834 Ι
364 2779 457 2824 conviis
473 2780 511 2833 ΕΙ
525 2799 548 2812 -
564 2777 615 2822 suis
631 2781 654 2821 A
687 2784 712 2821 14
726 2776 861 2828 adulterio!

124 2843 285 2888 incessabiles
308 2842 377 2896 ΕΘΓ
396 2842 424 2886 -li
439 2845 463 2884 A
501 2843 504 2896 Ι
541 2842 630 2885 delicto
653 2844 676 2883 A
701 2841 706 2894 Ι
730 2839 872 2894 pellicentes

125 2907 200 2954 &AF
223 2907 226 2960 Ι
252 2906 371 2950 avaritiae
385 2905 429 2958 μ’
474 2909 501 2947 15
515 2915 564 2948 sec.
580 2906 638 2947 sunt
652 2904 675 2944 A
722 2909 748 2946 rc
766 2912 786 2945 s.
796 2904 871 2949 ves]

125 2969 245 3024 [propriae
259 2967 405 3021 iniquitatis]
425 2969 428 3019 Ι
448 2988 471 2999 -
487 2967 579 3010 animal
593 2965 697 3020 εαΑΓῑ
712 2966 737 3018 ÷
746 2965 772 3009 in
786 2963 840 3017 erg
858 2964 862 3016 Ι

123 3030 265 3086 prophetias
279 3030 316 3071 ΡΙ
366 3037 391 3072 17
404 3029 509 3073 nabulae
524 3029 562 3069 Fl
609 3035 635 3071 18
649 3027 763 3081 superbia
776 3024 839 3069 ΑΠ’
858 3025 862 3078 Ι

125 3093 240 3139 sanitatis
261 3093 287 3134 F
318 3094 322 3146 Ι
355 3091 471 3147 pellicent
492 3091 562 3145 (perl-
584 3091 631 3142 F1)
685 3087 873 3149 colcoinquina·

124 3157 199 3201 tionis
215 3159 239 3198 A

487 3231 529 3277 ⁵95
