2275 3434
268 169 322 246 Ab,
342 159 566 220 CORINTHIOS
590 158 623 211 Π.
679 149 864 219 tals-133.

47 336 188 390 advos:
215 335 244 385 et
267 345 324 382 non
343 343 391 380 ero
410 322 508 393 gravis
527 319 617 374 vobis,
654 315 718 370 Non
737 312 813 366 enim
885 356 888 363 .

48 431 171 486 quaero
192 427 266 480 quae
284 412 383 462 vestra
401 406 477 468 sunt,
496 400 548 456 sed
567 415 628 453 vos
660 395 720 450 Nec
739 392 814 446 enim

51 497 172 551 debent
197 491 247 546 filii
272 485 440 558 parentibus
459 479 670 543 thesaurizare,
685 473 747 528 sed
765 490 815 542 pa-

53 580 162 632 rentes
182 571 255 626 filiis.
292 569 353 636 Ego
379 567 476 619 autem
498 557 689 615 libentissime
707 555 816 622 impen-
837 551 907 604 151’11
920 569 967 609 au.

55 659 147 722 darn,
174 657 204 708 et
228 644 466 720 superimpendar
497 643 559 711 ipse
585 655 638 708 pro
666 634 817 690 animabus

55 736 187 792 vestris:
206 732 273 787 licet
292 729 356 799 plus
371 743 423 782 vos
443 723 574 792 diligens
592 719 687 774 minus
706 714 817 782 diligar.

58 817 125 874 Sed
154 818 231 870 esto:
260 827 313 880 ego
341 823 395 862 vos
421 821 478 860 non
507 799 641 872 gravavi:
674 795 727 850 sed
754 811 819 848 cum
839 795 872 845 16

61 915 162 954 essem
181 896 311 958 astutuS‚
337 888 402 942 dolo
425 901 478 939 vos
497 881 569 951 cepi.
605 875 751 946 Numquid
769 890 821 942 per
840 875 872 925 17

66 981 194 1048 aliquem
213 989 319 1038 eorum,
339 983 411 1038 quos
430 964 496 1019 misi
515 961 628 1026 advos,
647 953 820 1012 circumveni

68 1061 140 1114 vos?
164 1053 277 1123 Rogavi
291 1050 396 1114 Titum,
416 1050 445 1102 et
463 1044 528 1098 misi
547 1059 612 1096 cum
631 1040 678 1092 illo
690 1036 819 1091 'fratrem
841 1035 874 1090 18
884 1048 990 1090 asnaa

69 1135 214 1207 Numquid
225 1133 307 1190 Titus
321 1146 374 1186 vos
388 1123 594 1183 circumvenit?
611 1135 704 1174 nonne
719 1115 820 1171 eodem

68 1219 174 1290 spintu
194 1209 423 1270 ambulavimus?
442 1221 536 1261 nonne
555 1201 658 1260 iisdem
672 1195 821 1264 vestigiis?

69 1303 145 1357 Olim
163 1294 275 1368 putatis
295 1290 372 1362 quod
391 1300 561 1344 excusemus
580 1298 633 1336 nos
653 1277 731 1348 apud
749 1277 821 1330 vos?
843 1276 875 1327 19

70 1384 177 1438 Coram
192 1378 253 1432 Deo
268 1374 297 1428 in
310 1371 425 1427 Christo
440 1366 596 1436 loquimur:
615 1360 712 1418 omnia
726 1362 823 1412 autem

72 1457 234 1518 charissimi
270 1456 388 1524 propter
427 1445 655 1505 aedificationem
687 1442 823 1494 vestram.

71 1546 171 1600 Timeo
190 1538 267 1594 enim
285 1551 321 1589 ne
341 1533 414 1587 forte
434 1547 498 1584 cum
515 1541 629 1589 venero,
648 1539 705 1577 non
722 1518 825 1588 quales
842 1517 878 1567 20
889 1532 934 1572 ios.
950 1529 1036 1568 mac.

71 1627 145 1691 volO,
165 1617 311 1675 inveniam
329 1630 396 1668 vos:
424 1614 453 1665 et
477 1625 530 1678 ego
549 1603 679 1659 inveniar
697 1618 715 1654 a
733 1598 824 1662 vobis,

72 1707 189 1777 qualem
216 1715 274 1754 non
305 1694 408 1749 vultis:
441 1707 477 1744 ne
509 1687 585 1742 forte
618 1681 826 1743 contentiones

72 1783 297 1845 aemulationes,
316 1772 530 1835 animositates,
550 1763 760 1827 dissensioneS,
779 1758 827 1812 de-

74 1866 244 1928 tractiones,
254 1855 476 1918 susurrationes,
486 1847 658 1910 inflationes,
671 1841 827 1896 seditiones

79 1949 134 2002 sint
146 1947 225 2000 inter
238 1957 304 1995 vos:
322 1953 358 1991 ne
372 1935 476 1988 iterum
491 1947 556 1984 cum
569 1940 685 1990 venero,
699 1919 828 1974 humiliet
847 1918 880 1968 21
892 1934 927 1974 aa.
939 1931 986 1971 aa.

82 2044 125 2081 me
141 2027 221 2080 Deus
242 2018 319 2090 apud
338 2033 403 2081 voa,
422 2017 452 2067 et
470 2013 584 2078 lugeam
603 2005 710 2060 multos
729 2017 765 2054 ex
782 1999 828 2065 iis,

83 2107 129 2177 qui
151 2109 219 2160 ante
243 2097 450 2171 peccaverunt,
470 2095 500 2145 et
517 2105 575 2142 non
594 2085 714 2154 egerunt
731 2079 829 2150 poeni-

80 2187 199 2244 tentiam
219 2197 306 2250 super
325 2171 513 2238 immunditia,
535 2172 565 2224 et
584 2162 781 2226 fornicatione,
800 2162 831 2213 et

79 2263 267 2339 impudicitia,
283 2275 369 2329 quam
383 2254 543 2324 gesserunt.
587 2247 662 2300 Ecce
676 2242 762 2297 tertio
776 2241 832 2294 hoc
847 2226 884 2298 13
895 2255 920 2332 ff
932 2254 989 2293 aaa

77 2350 164 2404 venio
175 2345 288 2400 advos:
304 2340 336 2394 ln
351 2353 399 2392 ore
414 2334 543 2396 duorum,
553 2328 599 2382 vel
612 2326 700 2380 trium
713 2321 831 2376 testium
896 2299 992 2385 ιὲιξζῖξξ

79 2431 172 2486 stabit
187 2439 272 2482 omne
285 2421 412 2475 verbum.
441 2410 584 2475 Praedixi,
598 2411 628 2461 et
642 2403 786 2474 praedico,
800 2404 834 2454 ut
851 2402 868 2450 2

79 2523 230 2582 praesensa,
244 2507 273 2558 et
287 2516 362 2555 nunc
378 2498 482 2552 absens
496 2493 540 2558 iia,
551 2489 601 2559 qui
615 2491 683 2541 ante
696 2496 833 2553 peccave·

80 2595 156 2658 runt,
168 2591 196 2643 el
208 2582 311 2639 ceteris
323 2577 463 2641 omnibus,
474 2571 609 2642 quoniam
619 2567 649 2621 'si
663 2579 768 2619 venero
782 2561 834 2614 ite-

81 2689 153 2738 rum,
168 2684 228 2723 non
242 2677 367 2733 parcam.
397 2657 440 2711 An
456 2646 683 2722 experimentum
697 2640 834 2713 quaeritis
854 2642 870 2690 3

83 2753 153 2818 eius,
161 2748 211 2818 qui
221 2745 251 2799 in
259 2759 304 2796 me
312 2738 437 2808 loquitur
444 2733 586 2797 Christus
593 2727 642 2798 qui
651 2727 681 2780 in
688 2723 771 2779 vobis
779 2737 836 2775 non

86 2851 209 2862 ffl—oe.
216 2847 298 2855 4-4...-

101 2927 103 2932 ,
123 2890 150 2928 15
158 2883 224 2930 aab]
233 2875 326 2920 enimA
337 2875 341 2925 Ι
354 2881 424 2915 -vos
430 2868 476 2916 &A
490 2874 515 2909 16
522 2875 566 2918 ego
575 2864 659 2917 ipseF
670 2867 695 2903 18
701 2854 837 2908 noemam

85 2939 181 2982 hisdem
193 2932 254 2976 ΑΨ
289 2936 314 2972 19
329 2924 409 2978 mro?
424 2921 489 2976 W
507 2921 509 2973 l
527 2923 550 2970 >
562 2919 637 2961 vestu.
653 2913 725 2957 aedis.
753 2917 779 2954 2⁰
793 2910 837 2958 (in-

86 2993 183 3036 veniam
193 2993 202 3038 ]
213 2983 312 3030 veniam
323 2981 357 3026 inv
371 2981 374 3030 Ι
387 2983 409 3028 >
421 2987 471 3019 non
487 2974 583 3026 qualem
592 2973 630 3010 F·
642 2975 666 3010 21
677 2967 716 3010 his
728 2967 732 3017 l
743 2965 837 3008 inmun-

89 3047 174 3089 ditiam
184 3045 210 3085 et
218 3033 405 3083 fumicationem
415 3033 440 3074 et
448 3025 617 3081 inpudicitiam
628 3024 651 3061 F
683 3019 732 3073 13st
747 3017 818 3061 venio
829 3019 837 3064 ]

88 3101 188 3154 paratus
204 3104 257 3138 sum
272 3088 354 3134 venire
369 3089 393 3126 Ε
441 3089 454 3126 2
468 3079 580 3124 Praedixi
594 3076 657 3120 enim
673 3074 693 3127 ᾗ
715 3076 718 3123 Ι
739 3073 838 3124 praes]

90 3152 163 3207 †bis
173 3147 243 3202 ml*
256 3149 280 3194 4-
290 3140 362 3187 vobis
373 3139 418 3193 &A
430 3138 433 3192 Ι
445 3136 482 3180 his
516 3131 630 3180 sciuisti
640 3126 677 3169 F²
688 3132 692 3180 l
704 3128 729 3170 in
739 3135 783 3168 vos
794 3124 838 3175 (1⁰)

453 3214 493 3258 477
