2275 3434
226 164 377 232 l‚50-5‚7.
443 162 642 217 SECVNDVM
667 159 842 215 IOANNEM.

283 325 414 392 Domine,
435 320 577 378 descende
596 321 676 391 prius
695 322 781 390 quain
799 319 939 374 moriatur
956 319 1033 373 filius

229 408 371 460 50n1eus.
408 404 486 458 Dicit
505 402 531 458 ei
550 402 645 456 lesus:
664 401 752 467 Vade,
771 399 845 454 lilius
864 403 934 454 tuns
952 398 1034 452 vivit.

284 484 412 540 Credidit
434 484 518 538 homo
538 482 676 548 sermoni,
702 498 787 551 quem
806 480 879 535 dixit
898 480 925 533 ei
943 480 1035 544 Iesus

144 590 172 622 m
183 590 218 630 ee.
230 568 262 619 51
284 569 312 620 et
340 566 409 619 ibat.
446 565 506 618 lam
535 566 632 617 autem
659 578 693 616 eo
721 560 929 627 descendente,
959 560 1033 613 servi

196 682 210 700 ,-
284 647 467 701 occurrerunt
487 644 522 711 ei,
542 646 572 697 et
585 642 794 696 nunciaverunt
808 641 947 707 dicentes,
968 640 1034 709 quia

230 730 264 781 52
283 727 358 781 filius
385 725 446 779 eius
471 724 589 778 viveret.
627 721 828 790 Interrogabat
845 737 914 789 ergo
933 720 1036 774 horam

285 807 321 861 ab
341 806 397 873 eis,
421 806 450 859 in
469 821 527 874 qua
545 803 647 857 melius
666 801 807 856 habuerit.
844 800 882 854 nt
900 800 1037 854 dixerunt

285 888 323 941 ei:
339 886 413 955 Quia
426 884 488 939 heri
502 885 573 938 hora
587 882 713 951 septima
725 881 841 950 reliquit
855 896 921 934 eum
936 880 1037 934 febris.

85 1025 101 1058 Λ
146 984 221 1022 mcv·
232 971 265 1021 53
286 966 427 1036 Cognovit
451 981 518 1033 ergo
541 968 638 1032 pater,
663 962 733 1031 quia
749 962 799 1016 illa
816 961 886 1015 hora
905 963 985 1027 erat,
1008 959 1038 1013 in

103 1030 122 1061 ⁰²
134 1028 221 1069 ¹⁰'¹⁵'³¹'
286 1065 344 1117 qua
362 1046 434 1101 dixit
453 1045 479 1099 ei
497 1045 594 1099 lesus:
620 1042 710 1096 Filius
727 1044 796 1097 tuus
814 1040 899 1095 vivit:
927 1044 959 1095 et
979 1057 1038 1095 cre

145 1146 222 1185 ranna
233 1130 267 1182 54
287 1128 359 1182 didit
384 1127 460 1195 ipse,
487 1128 516 1179 et
541 1124 643 1178 domus
662 1122 724 1176 eius
742 1125 814 1176 tota„
850 1121 913 1175 Hoc
931 1120 1038 1175 iterum

287 1207 444 1262 secundum
464 1204 584 1274 signum
609 1203 679 1257 fecit
696 1203 793 1270 Iesus,
819 1218 883 1255 cum
907 1201 1040 1255 venisset

289 1306 305 1341 a
324 1285 430 1341 Iudaea
448 1286 477 1339 in
497 1284 662 1339 Galilaeam.

187 1466 223 1507 cp.
248 1438 269 1509 5
359 1449 429 1501 Post
448 1446 519 1501 haec
539 1449 601 1499 erat
619 1445 681 1499 dies
700 1444 793 1499 festus
810 1442 993 1509 ludaeorum,
1011 1443 1062 1522 et}3

188 1547 224 1586 az.
252 1532 269 1582 2
289 1527 418 1583 ascendit
436 1526 516 1581 lesus
535 1526 745 1594 lerosolymam.
777 1523 829 1578 Est
848 1525 947 1577 autem
964 1523 1037 1577 lero

241 1644 242 1647 =
289 1608 405 1677 solymis
420 1606 575 1661 Probatica
593 1605 713 1674 piscina,
732 1621 806 1673 quae
820 1603 1037 1672 cognominatur

289 1688 430 1743 Hebraice
444 1686 611 1752 Bethsaida,
630 1685 755 1754 quinque
773 1684 902 1753 porticus
917 1682 1032 1737 hahens.

252 1772 270 1821 3
289 1770 320 1823 ln
340 1769 385 1823 his
404 1767 519 1821 iacebat
537 1765 690 1820 multitudo
709 1781 815 1834 magna
832 1763 1029 1831 languentium,

290 1866 448 1914 caecorum,
467 1846 642 1912 claudorum,
661 1844 805 1899 aridorum
824 1842 1033 1913 expectantium

254 1932 271 1981 4
291 1946 383 1999 aquae
397 1931 514 1982 motum.
541 1926 668 1996 Angelus
682 1928 778 1979 autem
793 1924 908 1978 Domini
921 1922 1038 1977 descen·

291 2009 378 2065 debat
397 2007 554 2061 secundum
573 2011 687 2075 tempus
707 2006 736 2060 in
754 2004 909 2074 piscinam:
933 2007 965 2058 et
982 2021 1041 2057 mo-

226 2120 227 2123 *
291 2091 412 2144 vehatur
438 2105 520 2157 aqua.
558 2086 595 2141 Et
620 2086 669 2155 qui
694 2086 772 2155 prior
794 2083 994 2139 descendisset
1014 2084 1043 2137 in
1113 2091 1115 2158 l

291 2169 431 2240 piscinam
453 2171 522 2237 post
540 2166 695 2221 motionem
715 2181 820 2235 aquae,
844 2180 933 2218 sanus
952 2164 1044 2218 fiebat

256 2253 311 2304 da
337 2264 517 2318 quacumque
546 2245 728 2301 detinebatur
756 2245 929 2300 infirmitate.
972 2244 1046 2299 Erat

217 2375 219 2381 ,
293 2334 390 2384 autem
416 2328 532 2398 quidam
558 2328 642 2381 homo
662 2326 702 2379 ibi
720 2326 840 2395 triginta
859 2328 889 2379 et
907 2328 974 2380 octo
993 2342 1045 2379 an-

257 2418 345 2465 dnos
373 2408 483 2462 habens
511 2408 540 2461 in
568 2406 734 2460 infirmitate
762 2422 823 2459 sua.
866 2404 950 2458 Hunc
978 2420 1047 2459 curn

293 2489 413 2543 vidisset
432 2488 512 2543 lesus
537 2488 695 2553 iacentem,
720 2491 749 2540 et
773 2486 956 2554 cognovisset
976 2484 1048 2553 quia

293 2570 350 2623 iam
378 2570 502 2623 multum·
524 2571 639 2635 tempus
664 2567 799 2632 haberet,
827 2565 897 2619 dicit
921 2564 964 2618 ei:
994 2564 1047 2618 Vis

259 2656 273 2705 7
294 2666 382 2703 sanus
400 2649 482 2703 fieri?
510 2646 669 2715 Respondit
686 2647 712 2701 ei
726 2645 892 2714 languidus:
912 2644 1047 2712 Domine,

293 2729 437 2784 hominem
462 2744 519 2781 non
544 2726 651 2795 habeo,
677 2729 709 2781 ut
732 2742 796 2780 cum
819 2725 938 2779 turbata
956 2724 1047 2779 fuerit

295 2853 341 2857 -,
347 2849 508 2857 β’..-

349 2914 374 2951 53
390 2905 467 2959 quia]
484 2903 547 2958 quod

350 2970 388 3023 6,1
403 2966 573 3019 hierosolymis

350 3030 362 3065 a
377 3032 449 3076 super
461 3020 598 3075 probatica,
613 3020 673 3075 pise.

350 3083 401 3119 4-
419 3089 474 3117 vers.

350 3127 518 3179 o>multum
531 3128 582 3171 iam
606 3127 611 3178 l
635 3126 712 3173 habet

641 3205 683 3249 242
