2275 3434
273 142 393 197 ACTVS
416 143 698 199 APOSTOLORVM.
762 145 904 215 &ar-40.

99 305 245 371 legentem
260 302 365 357 lsaiam
380 304 558 373 prophetam,
576 309 605 359 et
620 304 705 361 dixit:
724 306 852 361 Putasne

99 383 237 451 intelligis
264 398 338 452 quae
363 384 455 453 legis?
493 384 547 453 Qui
573 386 628 440 ait:
654 386 692 441 Et
710 386 852 455 quomodo
872 391 999 450 3lrnm.

99 480 234 533 possum,
254 463 355 517 sinon
375 464 477 533 aliquis
496 465 654 520 ostenderit
673 467 763 521 mihi?
799 467 853 522 Ro·

98 543 239 614 gavitque
259 543 420 613 Philippum
439 548 472 599 ut
490 546 673 614 ascenderet,
692 551 721 601 et
740 547 853 602 sederet

99 641 209 678 secum.
246 624 341 678 Locus
361 628 456 679 autem
475 624 654 695 scripturae,
674 645 760 697 qnam
777 628 853 697 lege·
872 633 1013 692 32nmra.

98 706 163 770 bat,
182 708 245 759 erat
265 704 324 758 hio:

137 785 298 854 Tamquam
318 786 380 839 ovis
400 784 436 839 ad
455 786 627 842 occisionem
647 788 751 844 ductus
771 793 830 844 est:

174 869 204 920 et
229 865 306 920 siout
333 883 423 935 agnus
448 883 543 922 coram
562 867 700 923 tondente
720 886 764 937 se,
791 870 852 924 sine

209 962 289 1013 voce,

135 1026 179 1080 sic
197 1044 255 1081 non
276 1028 388 1096 aperuit
408 1045 440 1083 os
459 1046 551 1084 suum.

171 1107 204 1161 ln
224 1107 385 1163 humilitate
404 1108 539 1163 indicium
559 1111 621 1164 eins
640 1111 784 1165 sublatum
799 1116 851 1166 est.
872 1116 906 1166 33

136 1187 359 1241 Generationem
379 1189 440 1243 eius
460 1190 524 1259 quis
543 1191 696 1259 enarrabit,

173 1267 310 1337 quoniam
328 1269 443 1323 tolletur
462 1269 497 1323 de
515 1273 593 1325 terra
610 1272 672 1326 vita
690 1272 772 1326 eius‘?

99 1346 290 1417 Respondeas
314 1352 411 1403 autem
431 1350 578 1405 eunuchus
596 1352 740 1421 Philippo,
764 1352 850 1420 dixit,
871 1356 907 1406 34

100 1428 230 1483 Obsecro
257 1430 301 1495 te,
328 1427 363 1483 de
389 1447 444 1499 quo
464 1430 609 1500 Propheta
628 1431 697 1488 dicit
715 1434 790 1487 hoc?
816 1433 852 1488 de

100 1526 146 1575 se,
173 1526 210 1561 an
230 1507 266 1562 de
286 1508 341 1563 alio
361 1510 476 1579 aliquo?
513 1512 652 1581 Aperiens
672 1517 769 1568 autem
788 1514 852 1567 Phi·
871 1516 906 1567 35

99 1590 197 1658 lippus
217 1605 250 1642 os
270 1605 362 1655 suum,
382 1594 411 1645 et
430 1590 569 1661 incipiens
589 1610 607 1646 a
621 1593 769 1662 Scriptura
787 1594 852 1660 ista,

100 1668 313 1738 evangelizavit
340 1670 379 1723 illi
405 1671 506 1725 lesum.
543 1672 581 1727 Et
608 1672 676 1727 dum
703 1674 777 1728 irent
801 1691 853 1743 per
872 1679 975 1742 3610,l⁷.

100 1749 193 1816 viam,
219 1753 361 1805 venerunt
387 1750 423 1805 ad
450 1752 594 1821 quandam
618 1771 737 1822 aquam:
763 1758 792 1809 et
812 1754 853 1808 ait

101 1830 275 1884 Eunuchus:
313 1830 386 1885 Ecce
419 1849 510 1901 aqua,
543 1833 612 1902 quid
643 1834 776 1902 prohibet
807 1850 852 1888 me

100 1910 265 1978 baptizari?
303 1910 382 1969 Dixit
404 1914 500 1966 autem
519 1913 682 1982 Philippus:
710 1913 741 1967 Si
759 1914 852 1967 credis
872 1918 905 1967 37

107 2006 141 2043 ex
152 1994 213 2045 toto
230 1989 324 2058 corde,
339 1990 414 2046 licet.
439 1993 476 2047 Et
491 1993 667 2062 respondens
682 1994 735 2048 ait:
751 1993 852 2060 Credo,

106 2068 202 2125 Filium
229 2070 283 2124 Dei
309 2088 373 2126 esse
397 2073 489 2127 Iesum
514 2072 668 2127 Christum.
705 2075 742 2128 Et
767 2074 852 2128 iussit
872 2077 906 2128 38

103 2154 178 2205 stare
212 2159 341 2206 currum:
376 2156 405 2207 et
437 2152 647 2208 descenderunt
674 2157 794 2224 uterque
823 2154 851 2207 in

101 2247 215 2299 aquam,
235 2231 393 2301 Philippus
415 2237 444 2288 et
462 2232 625 2300 Eunuchus,
645 2238 674 2288 et
692 2234 852 2303 baptizavit

101 2327 173 2364 eum.
205 2311 278 2365 Cum
298 2317 394 2367 autem
414 2314 614 2368 ascendissent
633 2314 668 2367 de
689 2332 772 2384 aqua,
792 2314 852 2384 Spi·
871 2321 905 2371 39
917 2342 924 2372 ι
937 2340 967 2381 ng
980 2342 1037 2381 ran.

100 2391 172 2445 ritus
202 2392 317 2445 Domini
346 2394 441 2462 rapuit
467 2394 643 2463 Philippum,
672 2400 701 2449 et
729 2396 851 2465 amplius
916 2386 1023 2427 ¹T¹¹⁴’¹⁷‘

99 2488 156 2525 non
185 2471 260 2526 vidit
288 2488 352 2526 eum
381 2472 542 2528 Eunuchus
585 2475 650 2529 Ibat
677 2479 773 2530 autem
801 2492 853 2544 per

99 2552 176 2605 viam
210 2568 293 2606 suam
325 2553 463 2622 gaudens
507 2555 656 2625 Philippus
687 2559 782 2610 autern
811 2556 851 2610 in·
871 2562 981 2623 lonso.

100 2636 205 2686 ventus
226 2635 271 2687 est
290 2632 318 2686 in
337 2633 441 2701 Azot0,
468 2637 497 2689 et
515 2636 711 2703 pertransiens
730 2653 851 2705 evange·

100 2711 210 2766 lizabat
248 2712 414 2769 civitatibus
452 2715 578 2783 cunctiS,
616 2716 706 2771 donec
742 2717 852 2772 veniret

101 2790 283 2847 Caesaream.

155 2995 182 3031 33
196 3000 251 3043 gen.
266 2988 332 3033 illius
358 2991 362 3044 Ι
387 2991 482 3036 tollitur

156 3056 182 3093 35
197 3052 228 3095 ab
309 3059 374 3095 37-
390 3069 445 3097 cera.

156 3120 183 3157 33
197 3116 247 3159 aut.
262 3113 311 3167 2⁰]
327 3116 391 3159 euim

468 3196 510 3243 323
