<?xml version="1.0" encoding="UTF-8"?>
<!DOCTYPE html PUBLIC "-//W3C//DTD XHTML 1.0 Transitional//EN"
    "http://www.w3.org/TR/xhtml1/DTD/xhtml1-transitional.dtd">
<html xmlns="http://www.w3.org/1999/xhtml" xml:lang="en" lang="en">
 <head>
  <title>
</title>
<meta http-equiv="Content-Type" content="text/html;charset=utf-8" />
  <meta name='ocr-system' content='tesseract 3.04.00' />
  <meta name='ocr-capabilities' content='ocr_page ocr_carea ocr_par ocr_line ocrx_word'/>
</head>
<body>
  <div class='ocr_page' id='page_1' title='image "./novumtestamentu01nestgoog_0651.png"; bbox 0 0 2275 3434; ppageno 0'>
   <div class='ocr_carea' id='block_1_1' title="bbox 250 181 891 258">
    <p class='ocr_par' dir='ltr' id='par_1_1' title="bbox 250 181 891 258">
     <span class='ocr_line' id='line_1_1' title="bbox 250 181 891 258; baseline 0 -14"><span class='ocrx_word' id='word_1_1' title='bbox 250 181 504 244; x_wconf 69' lang='lat' dir='ltr'><strong>APOCALYPSIS</strong></span> <span class='ocrx_word' id='word_1_2' title='bbox 527 183 686 244; x_wconf 76' lang='lat' dir='ltr'>rennuis.</span> <span class='ocrx_word' id='word_1_3' title='bbox 786 189 891 258; x_wconf 78' lang='lat' dir='ltr'>ar-a</span> 
     </span>
    </p>
   </div>
   <div class='ocr_carea' id='block_1_2' title="bbox 88 347 1030 2587">
    <p class='ocr_par' dir='ltr' id='par_1_2' title="bbox 89 347 838 564">
     <span class='ocr_line' id='line_1_2' title="bbox 89 347 838 415; baseline 0.005 -14"><span class='ocrx_word' id='word_1_4' title='bbox 89 358 160 415; x_wconf 81' lang='lat' dir='ltr'>vae,</span> <span class='ocrx_word' id='word_1_5' title='bbox 178 359 233 402; x_wconf 78' lang='lat' dir='ltr'>vae</span> <span class='ocrx_word' id='word_1_6' title='bbox 251 347 450 404; x_wconf 84' lang='lat' dir='ltr'>habitantibus</span> <span class='ocrx_word' id='word_1_7' title='bbox 469 348 497 404; x_wconf 90' lang='lat' dir='ltr'>in</span> <span class='ocrx_word' id='word_1_8' title='bbox 517 353 595 404; x_wconf 87' lang='lat' dir='ltr'>terra</span> <span class='ocrx_word' id='word_1_9' title='bbox 613 348 648 404; x_wconf 92' lang='lat' dir='ltr'>de</span> <span class='ocrx_word' id='word_1_10' title='bbox 668 349 771 405; x_wconf 87' lang='lat' dir='ltr'>ceteris</span> <span class='ocrx_word' id='word_1_11' title='bbox 789 365 838 405; x_wconf 87' lang='lat' dir='ltr'>vo·</span> 
     </span>
     <span class='ocr_line' id='line_1_3' title="bbox 89 427 838 500; baseline 0.005 -18"><span class='ocrx_word' id='word_1_12' title='bbox 89 427 172 483; x_wconf 88' lang='lat' dir='ltr'>cibus</span> <span class='ocrx_word' id='word_1_13' title='bbox 209 429 295 483; x_wconf 88' lang='lat' dir='ltr'>trium</span> <span class='ocrx_word' id='word_1_14' title='bbox 331 430 521 498; x_wconf 85' lang='lat' dir='ltr'><strong>Angelorum,</strong></span> <span class='ocrx_word' id='word_1_15' title='bbox 561 431 611 500; x_wconf 91' lang='lat' dir='ltr'>qui</span> <span class='ocrx_word' id='word_1_16' title='bbox 647 434 730 486; x_wconf 86' lang='lat' dir='ltr'>erant</span> <span class='ocrx_word' id='word_1_17' title='bbox 766 429 838 486; x_wconf 88' lang='lat' dir='ltr'>tuba</span> 
     </span>
     <span class='ocr_line' id='line_1_4' title="bbox 89 508 222 564; baseline 0.016 -2"><span class='ocrx_word' id='word_1_18' title='bbox 89 508 222 564; x_wconf 88' lang='lat' dir='ltr'>canituri.</span> 
     </span>
    </p>

    <p class='ocr_par' dir='ltr' id='par_1_3' title="bbox 88 582 1030 2266">
     <span class='ocr_line' id='line_1_5' title="bbox 161 582 1008 660; baseline 0.004 -17"><span class='ocrx_word' id='word_1_19' title='bbox 161 589 208 644; x_wconf 83' lang='grc' dir='ltr'>ΕΤ</span> <span class='ocrx_word' id='word_1_20' title='bbox 228 589 345 660; x_wconf 89' lang='lat' dir='ltr'>quintus</span> <span class='ocrx_word' id='word_1_21' title='bbox 359 589 484 660; x_wconf 85' lang='lat' dir='ltr'><strong>Angelus</strong></span> <span class='ocrx_word' id='word_1_22' title='bbox 504 591 575 647; x_wconf 86' lang='lat' dir='ltr'>tuba</span> <span class='ocrx_word' id='word_1_23' title='bbox 594 590 711 647; x_wconf 84' lang='lat' dir='ltr'>cecinit.</span> <span class='ocrx_word' id='word_1_24' title='bbox 733 595 763 647; x_wconf 92' lang='lat' dir='ltr'>et</span> <span class='ocrx_word' id='word_1_25' title='bbox 779 590 838 648; x_wconf 86' lang='lat' dir='ltr'>vidi</span> <span class='ocrx_word' id='word_1_26' title='bbox 858 582 881 654; x_wconf 78' lang='grc'><strong>9</strong></span> <span class='ocrx_word' id='word_1_27' title='bbox 901 613 949 653; x_wconf 75' lang='lat' dir='ltr'>sn.</span> <span class='ocrx_word' id='word_1_28' title='bbox 960 613 1008 655; x_wconf 65' lang='lat' dir='ltr'>aa</span> 
     </span>
     <span class='ocr_line' id='line_1_6' title="bbox 89 636 1023 739; baseline 0.004 -15"><span class='ocrx_word' id='word_1_29' title='bbox 89 670 202 725; x_wconf 89' lang='lat' dir='ltr'>stellam</span> <span class='ocrx_word' id='word_1_30' title='bbox 221 669 256 724; x_wconf 89' lang='lat' dir='ltr'>de</span> <span class='ocrx_word' id='word_1_31' title='bbox 275 671 355 726; x_wconf 85' lang='lat' dir='ltr'>caelo</span> <span class='ocrx_word' id='word_1_32' title='bbox 374 670 539 726; x_wconf 87' lang='lat' dir='ltr'>cecidisse&#39;</span> <span class='ocrx_word' id='word_1_33' title='bbox 531 688 560 726; x_wconf 87' lang='lat' dir='ltr'>m</span> <span class='ocrx_word' id='word_1_34' title='bbox 579 674 701 739; x_wconf 86' lang='lat' dir='ltr'>terram,</span> <span class='ocrx_word' id='word_1_35' title='bbox 721 675 751 727; x_wconf 89' lang='lat' dir='ltr'>et</span> <span class='ocrx_word' id='word_1_36' title='bbox 769 671 838 727; x_wconf 84' lang='lat' dir='ltr'>data</span> <span class='ocrx_word' id='word_1_37' title='bbox 902 659 930 700; x_wconf 80' lang='lat'>¹⁸</span> <span class='ocrx_word' id='word_1_38' title='bbox 931 657 963 700; x_wconf 86' lang='lat'>¹⁰</span> <span class='ocrx_word' id='word_1_39' title='bbox 976 636 1023 701; x_wconf 61' lang='grc'>003</span> 
     </span>
     <span class='ocr_line' id='line_1_7' title="bbox 89 750 1004 822; baseline 0.002 -18"><span class='ocrx_word' id='word_1_40' title='bbox 89 753 136 805; x_wconf 86' lang='lat' dir='ltr'>est</span> <span class='ocrx_word' id='word_1_41' title='bbox 154 750 181 805; x_wconf 93' lang='lat' dir='ltr'>ei</span> <span class='ocrx_word' id='word_1_42' title='bbox 200 751 289 805; x_wconf 87' lang='lat' dir='ltr'>clavis</span> <span class='ocrx_word' id='word_1_43' title='bbox 308 751 388 820; x_wconf 89' lang='lat' dir='ltr'>putei</span> <span class='ocrx_word' id='word_1_44' title='bbox 403 752 510 820; x_wconf 80' lang='lat' dir='ltr'>abyssi</span> <span class='ocrx_word' id='word_1_45' title='bbox 539 751 576 806; x_wconf 84' lang='lat' dir='ltr'>Et</span> <span class='ocrx_word' id='word_1_46' title='bbox 591 752 705 821; x_wconf 86' lang='lat' dir='ltr'>aperuit</span> <span class='ocrx_word' id='word_1_47' title='bbox 719 756 837 822; x_wconf 88' lang='lat' dir='ltr'>puteum</span> <span class='ocrx_word' id='word_1_48' title='bbox 856 757 873 808; x_wconf 77' lang='lat'>2</span> <span class='ocrx_word' id='word_1_49' title='bbox 902 770 934 806; x_wconf 78' lang='lat' dir='ltr'>a</span> <span class='ocrx_word' id='word_1_50' title='bbox 946 774 1004 815; x_wconf 55' lang='lat' dir='ltr'>aaa</span> 
     </span>
     <span class='ocr_line' id='line_1_8' title="bbox 89 818 1025 904; baseline 0.003 -19"><span class='ocrx_word' id='word_1_51' title='bbox 89 831 203 900; x_wconf 88' lang='lat' dir='ltr'>abyssi:</span> <span class='ocrx_word' id='word_1_52' title='bbox 226 833 255 886; x_wconf 86' lang='lat' dir='ltr'>et</span> <span class='ocrx_word' id='word_1_53' title='bbox 274 831 405 886; x_wconf 83' lang='lat' dir='ltr'>ascendit</span> <span class='ocrx_word' id='word_1_54' title='bbox 424 831 520 887; x_wconf 88' lang='lat' dir='ltr'>fumus</span> <span class='ocrx_word' id='word_1_55' title='bbox 538 832 628 902; x_wconf 87' lang='lat' dir='ltr'>putei,</span> <span class='ocrx_word' id='word_1_56' title='bbox 647 832 723 888; x_wconf 92' lang='lat' dir='ltr'>sicut</span> <span class='ocrx_word' id='word_1_57' title='bbox 741 832 838 887; x_wconf 81' lang='lat' dir='ltr'>tumus</span> <span class='ocrx_word' id='word_1_58' title='bbox 900 818 1025 904; x_wconf 49' lang='grc' dir='ltr'>έξθῖζζξω,</span> 
     </span>
     <span class='ocr_line' id='line_1_9' title="bbox 89 910 839 981; baseline 0.004 -16"><span class='ocrx_word' id='word_1_59' title='bbox 89 910 215 966; x_wconf 80' lang='lat' dir='ltr'>tomacis</span> <span class='ocrx_word' id='word_1_60' title='bbox 229 928 365 980; x_wconf 81' lang='lat' dir='ltr'>magnae:</span> <span class='ocrx_word' id='word_1_61' title='bbox 386 916 415 967; x_wconf 88' lang='lat' dir='ltr'>et</span> <span class='ocrx_word' id='word_1_62' title='bbox 429 911 601 968; x_wconf 86' lang='lat' dir='ltr'>obscuratus</span> <span class='ocrx_word' id='word_1_63' title='bbox 616 916 662 968; x_wconf 87' lang='lat' dir='ltr'>est</span> <span class='ocrx_word' id='word_1_64' title='bbox 675 913 727 981; x_wconf 90' lang='lat' dir='ltr'>sol,</span> <span class='ocrx_word' id='word_1_65' title='bbox 745 916 773 968; x_wconf 87' lang='lat' dir='ltr'>et</span> <span class='ocrx_word' id='word_1_66' title='bbox 789 929 839 968; x_wconf 91' lang='lat' dir='ltr'>aer</span> 
     </span>
     <span class='ocr_line' id='line_1_10' title="bbox 89 991 1030 1064; baseline 0.002 -18"><span class='ocrx_word' id='word_1_67' title='bbox 89 991 223 1047; x_wconf 83' lang='lat' dir='ltr'>desumo</span> <span class='ocrx_word' id='word_1_68' title='bbox 246 993 339 1062; x_wconf 86' lang='lat' dir='ltr'>putei:</span> <span class='ocrx_word' id='word_1_69' title='bbox 372 992 410 1048; x_wconf 83' lang='lat' dir='ltr'>Et</span> <span class='ocrx_word' id='word_1_70' title='bbox 435 992 470 1048; x_wconf 92' lang='lat' dir='ltr'>de</span> <span class='ocrx_word' id='word_1_71' title='bbox 496 993 575 1048; x_wconf 82' lang='lat' dir='ltr'>fumo</span> <span class='ocrx_word' id='word_1_72' title='bbox 601 994 681 1064; x_wconf 89' lang='lat' dir='ltr'>putei</span> <span class='ocrx_word' id='word_1_73' title='bbox 707 993 874 1050; x_wconf 81' lang='lat' dir='ltr'>exierunt3</span> <span class='ocrx_word' id='word_1_74' title='bbox 903 1014 1030 1057; x_wconf 66' lang='lat' dir='ltr'>ananan</span> 
     </span>
     <span class='ocr_line' id='line_1_11' title="bbox 88 1071 837 1145; baseline 0.004 -20"><span class='ocrx_word' id='word_1_75' title='bbox 88 1071 217 1127; x_wconf 88' lang='lat' dir='ltr'>locustae</span> <span class='ocrx_word' id='word_1_76' title='bbox 236 1073 403 1142; x_wconf 88' lang='lat' dir='ltr'>interram,</span> <span class='ocrx_word' id='word_1_77' title='bbox 423 1077 453 1129; x_wconf 91' lang='lat' dir='ltr'>et</span> <span class='ocrx_word' id='word_1_78' title='bbox 472 1073 541 1129; x_wconf 87' lang='lat' dir='ltr'>data</span> <span class='ocrx_word' id='word_1_79' title='bbox 560 1078 605 1129; x_wconf 85' lang='lat' dir='ltr'>est</span> <span class='ocrx_word' id='word_1_80' title='bbox 623 1075 679 1129; x_wconf 92' lang='lat' dir='ltr'>illis</span> <span class='ocrx_word' id='word_1_81' title='bbox 697 1077 837 1145; x_wconf 85' lang='lat' dir='ltr'>potestas,</span> 
     </span>
     <span class='ocr_line' id='line_1_12' title="bbox 88 1153 836 1224; baseline 0.004 -18"><span class='ocrx_word' id='word_1_82' title='bbox 88 1153 164 1207; x_wconf 86' lang='lat' dir='ltr'>sicut</span> <span class='ocrx_word' id='word_1_83' title='bbox 193 1153 302 1208; x_wconf 87' lang='lat' dir='ltr'>habent</span> <span class='ocrx_word' id='word_1_84' title='bbox 328 1158 504 1223; x_wconf 85' lang='lat' dir='ltr'>potestatem</span> <span class='ocrx_word' id='word_1_85' title='bbox 532 1154 698 1224; x_wconf 75' lang='lat' dir='ltr'>scorpiones</span> <span class='ocrx_word' id='word_1_86' title='bbox 726 1157 836 1209; x_wconf 86' lang='lat' dir='ltr'>terrae:</span> 
     </span>
     <span class='ocr_line' id='line_1_13' title="bbox 89 1234 974 1304; baseline 0.002 -18"><span class='ocrx_word' id='word_1_87' title='bbox 89 1237 119 1287; x_wconf 91' lang='lat' dir='ltr'>et</span> <span class='ocrx_word' id='word_1_88' title='bbox 137 1237 324 1304; x_wconf 87' lang='lat' dir='ltr'>praeceptum</span> <span class='ocrx_word' id='word_1_89' title='bbox 350 1236 395 1288; x_wconf 89' lang='lat' dir='ltr'>est</span> <span class='ocrx_word' id='word_1_90' title='bbox 420 1235 475 1289; x_wconf 90' lang='lat' dir='ltr'>illis</span> <span class='ocrx_word' id='word_1_91' title='bbox 500 1251 537 1289; x_wconf 85' lang='lat' dir='ltr'>ne</span> <span class='ocrx_word' id='word_1_92' title='bbox 555 1234 702 1290; x_wconf 80' lang='lat' dir='ltr'>laederent</span> <span class='ocrx_word' id='word_1_93' title='bbox 721 1235 838 1290; x_wconf 87' lang='lat' dir='ltr'>foenum</span> <span class='ocrx_word' id='word_1_94' title='bbox 856 1239 874 1290; x_wconf 90' lang='lat'>4</span> <span class='ocrx_word' id='word_1_95' title='bbox 902 1255 927 1288; x_wconf 74' lang='lat' dir='ltr'>a</span> <span class='ocrx_word' id='word_1_96' title='bbox 938 1257 974 1297; x_wconf 73' lang='lat' dir='ltr'>nr.</span> 
     </span>
     <span class='ocr_line' id='line_1_14' title="bbox 89 1301 937 1386; baseline 0.004 -18"><span class='ocrx_word' id='word_1_97' title='bbox 89 1316 192 1381; x_wconf 87' lang='lat' dir='ltr'>terrae,</span> <span class='ocrx_word' id='word_1_98' title='bbox 211 1330 304 1384; x_wconf 91' lang='lat' dir='ltr'>neque</span> <span class='ocrx_word' id='word_1_99' title='bbox 324 1331 406 1369; x_wconf 88' lang='lat' dir='ltr'>omne</span> <span class='ocrx_word' id='word_1_100' title='bbox 425 1314 530 1383; x_wconf 88' lang='lat' dir='ltr'>viride,</span> <span class='ocrx_word' id='word_1_101' title='bbox 549 1331 643 1386; x_wconf 90' lang='lat' dir='ltr'>neque</span> <span class='ocrx_word' id='word_1_102' title='bbox 662 1332 774 1371; x_wconf 89' lang='lat' dir='ltr'>omnem</span> <span class='ocrx_word' id='word_1_103' title='bbox 794 1332 837 1370; x_wconf 89' lang='lat' dir='ltr'>ar·</span> <span class='ocrx_word' id='word_1_104' title='bbox 901 1301 937 1341; x_wconf 75' lang='grc'>00·</span> 
     </span>
     <span class='ocr_line' id='line_1_15' title="bbox 88 1393 838 1466; baseline 0.005 -19"><span class='ocrx_word' id='word_1_105' title='bbox 88 1393 201 1448; x_wconf 80' lang='lat' dir='ltr'>boram:</span> <span class='ocrx_word' id='word_1_106' title='bbox 222 1395 278 1448; x_wconf 83' lang='lat' dir='ltr'>nisi</span> <span class='ocrx_word' id='word_1_107' title='bbox 296 1397 410 1450; x_wconf 87' lang='lat' dir='ltr'>tantum</span> <span class='ocrx_word' id='word_1_108' title='bbox 429 1395 567 1463; x_wconf 89' lang='lat' dir='ltr'>homines,</span> <span class='ocrx_word' id='word_1_109' title='bbox 586 1397 635 1466; x_wconf 91' lang='lat' dir='ltr'>qui</span> <span class='ocrx_word' id='word_1_110' title='bbox 654 1412 711 1451; x_wconf 90' lang='lat' dir='ltr'>non</span> <span class='ocrx_word' id='word_1_111' title='bbox 729 1395 838 1451; x_wconf 87' lang='lat' dir='ltr'>habent</span> 
     </span>
     <span class='ocr_line' id='line_1_16' title="bbox 89 1473 873 1544; baseline 0.006 -17"><span class='ocrx_word' id='word_1_112' title='bbox 89 1473 204 1544; x_wconf 81' lang='lat' dir='ltr'>signum</span> <span class='ocrx_word' id='word_1_113' title='bbox 222 1474 276 1529; x_wconf 89' lang='lat' dir='ltr'>Dei</span> <span class='ocrx_word' id='word_1_114' title='bbox 295 1474 323 1529; x_wconf 93' lang='lat' dir='ltr'>in</span> <span class='ocrx_word' id='word_1_115' title='bbox 343 1475 486 1530; x_wconf 82' lang='lat' dir='ltr'>frontibus</span> <span class='ocrx_word' id='word_1_116' title='bbox 505 1476 574 1531; x_wconf 77' lang='lat' dir='ltr'>suis,</span> <span class='ocrx_word' id='word_1_117' title='bbox 611 1480 641 1531; x_wconf 87' lang='lat' dir='ltr'>et</span> <span class='ocrx_word' id='word_1_118' title='bbox 667 1475 766 1532; x_wconf 83' lang='lat' dir='ltr'>datum</span> <span class='ocrx_word' id='word_1_119' title='bbox 792 1480 873 1532; x_wconf 80' lang='lat' dir='ltr'>estll</span> 
     </span>
     <span class='ocr_line' id='line_1_17' title="bbox 88 1553 837 1611; baseline 0.005 -4"><span class='ocrx_word' id='word_1_120' title='bbox 88 1553 144 1608; x_wconf 89' lang='lat' dir='ltr'>illis</span> <span class='ocrx_word' id='word_1_121' title='bbox 163 1571 199 1608; x_wconf 87' lang='lat' dir='ltr'>ne</span> <span class='ocrx_word' id='word_1_122' title='bbox 214 1555 377 1610; x_wconf 87' lang='lat' dir='ltr'>occiderent</span> <span class='ocrx_word' id='word_1_123' title='bbox 391 1571 453 1610; x_wconf 89' lang='lat' dir='ltr'>ecs:</span> <span class='ocrx_word' id='word_1_124' title='bbox 474 1555 526 1610; x_wconf 89' lang='lat' dir='ltr'>sed</span> <span class='ocrx_word' id='word_1_125' title='bbox 539 1561 572 1610; x_wconf 88' lang='lat' dir='ltr'>ut</span> <span class='ocrx_word' id='word_1_126' title='bbox 586 1557 746 1611; x_wconf 83' lang='lat' dir='ltr'>cruciarent</span> <span class='ocrx_word' id='word_1_127' title='bbox 760 1573 837 1611; x_wconf 86' lang='lat' dir='ltr'>men-</span> 
     </span>
     <span class='ocr_line' id='line_1_18' title="bbox 89 1632 879 1726; baseline 0.004 -38"><span class='ocrx_word' id='word_1_128' title='bbox 89 1633 170 1688; x_wconf 89' lang='lat' dir='ltr'>sibus</span> <span class='ocrx_word' id='word_1_129' title='bbox 189 1634 328 1726; x_wconf 82' lang='lat' dir='ltr'>quinque:</span> <span class='ocrx_word' id='word_1_130' title='bbox 349 1639 378 1691; x_wconf 88' lang='lat' dir='ltr'>et</span> <span class='ocrx_word' id='word_1_131' title='bbox 393 1637 536 1692; x_wconf 85' lang='lat' dir='ltr'>cruciatus</span> <span class='ocrx_word' id='word_1_132' title='bbox 553 1652 659 1702; x_wconf 82' lang='lat' dir='ltr'>eorum,</span> <span class='ocrx_word' id='word_1_133' title='bbox 679 1641 711 1690; x_wconf 93' lang='lat' dir='ltr'>ut</span> <span class='ocrx_word' id='word_1_134' title='bbox 730 1636 837 1691; x_wconf 86' lang='lat' dir='ltr'>crucia·</span> <span class='ocrx_word' id='word_1_135' title='bbox 878 1632 879 1645; x_wconf 60' lang='grc'><strong>0</strong></span> 
     </span>
     <span class='ocr_line' id='line_1_19' title="bbox 89 1715 998 1786; baseline 0.003 -18"><span class='ocrx_word' id='word_1_136' title='bbox 89 1716 136 1768; x_wconf 89' lang='lat' dir='ltr'>tus</span> <span class='ocrx_word' id='word_1_137' title='bbox 156 1715 261 1785; x_wconf 86' lang='lat' dir='ltr'>scorpii</span> <span class='ocrx_word' id='word_1_138' title='bbox 281 1733 345 1770; x_wconf 91' lang='lat' dir='ltr'>cum</span> <span class='ocrx_word' id='word_1_139' title='bbox 364 1716 489 1786; x_wconf 88' lang='lat' dir='ltr'>percutit</span> <span class='ocrx_word' id='word_1_140' title='bbox 506 1716 657 1772; x_wconf 90' lang='lat' dir='ltr'>hominem.</span> <span class='ocrx_word' id='word_1_141' title='bbox 684 1715 743 1771; x_wconf 84' lang='lat' dir='ltr'>Et&#39;</span> <span class='ocrx_word' id='word_1_142' title='bbox 736 1733 764 1770; x_wconf 91' lang='lat' dir='ltr'>m</span> <span class='ocrx_word' id='word_1_143' title='bbox 780 1715 837 1770; x_wconf 89' lang='lat' dir='ltr'>die·</span> <span class='ocrx_word' id='word_1_144' title='bbox 856 1723 872 1773; x_wconf 89' lang='lat'><strong>6</strong></span> <span class='ocrx_word' id='word_1_145' title='bbox 900 1736 998 1779; x_wconf 67' lang='lat' dir='ltr'>naam.</span> 
     </span>
     <span class='ocr_line' id='line_1_20' title="bbox 88 1761 985 1864; baseline 0.004 -16"><span class='ocrx_word' id='word_1_146' title='bbox 88 1795 143 1849; x_wconf 89' lang='lat' dir='ltr'>hus</span> <span class='ocrx_word' id='word_1_147' title='bbox 162 1794 218 1849; x_wconf 92' lang='lat' dir='ltr'>illis</span> <span class='ocrx_word' id='word_1_148' title='bbox 244 1799 383 1864; x_wconf 83' lang='lat' dir='ltr'>quaerent</span> <span class='ocrx_word' id='word_1_149' title='bbox 407 1796 535 1852; x_wconf 90' lang='lat' dir='ltr'>homines</span> <span class='ocrx_word' id='word_1_150' title='bbox 561 1799 697 1864; x_wconf 83' lang='lat' dir='ltr'>mortem,</span> <span class='ocrx_word' id='word_1_151' title='bbox 724 1800 754 1852; x_wconf 91' lang='lat' dir='ltr'>et</span> <span class='ocrx_word' id='word_1_152' title='bbox 779 1813 837 1851; x_wconf 90' lang='lat' dir='ltr'>non</span> <span class='ocrx_word' id='word_1_153' title='bbox 901 1761 985 1824; x_wconf 75' lang='grc'><strong>00030·</strong></span> 
     </span>
     <span class='ocr_line' id='line_1_21' title="bbox 90 1875 837 1946; baseline 0.003 -18"><span class='ocrx_word' id='word_1_154' title='bbox 90 1875 235 1929; x_wconf 85' lang='lat' dir='ltr'>invenient</span> <span class='ocrx_word' id='word_1_155' title='bbox 250 1891 328 1929; x_wconf 91' lang='lat' dir='ltr'>eam:</span> <span class='ocrx_word' id='word_1_156' title='bbox 344 1878 374 1930; x_wconf 93' lang='lat' dir='ltr'>et</span> <span class='ocrx_word' id='word_1_157' title='bbox 388 1875 593 1932; x_wconf 85' lang='lat' dir='ltr'>desiderabunt</span> <span class='ocrx_word' id='word_1_158' title='bbox 607 1877 687 1945; x_wconf 85' lang='lat' dir='ltr'>mori,</span> <span class='ocrx_word' id='word_1_159' title='bbox 702 1880 732 1932; x_wconf 89' lang='lat' dir='ltr'>et</span> <span class='ocrx_word' id='word_1_160' title='bbox 746 1877 837 1946; x_wconf 82' lang='lat' dir='ltr'>fugiet</span> 
     </span>
     <span class='ocr_line' id='line_1_22' title="bbox 89 1954 993 2024; baseline 0.002 -16"><span class='ocrx_word' id='word_1_161' title='bbox 89 1971 166 2010; x_wconf 89' lang='lat' dir='ltr'>mors</span> <span class='ocrx_word' id='word_1_162' title='bbox 193 1955 231 2009; x_wconf 88' lang='lat' dir='ltr'>ab</span> <span class='ocrx_word' id='word_1_163' title='bbox 259 1954 309 2009; x_wconf 81' lang='lat' dir='ltr'>eis</span> <span class='ocrx_word' id='word_1_164' title='bbox 355 1954 393 2010; x_wconf 83' lang='lat' dir='ltr'>Et</span> <span class='ocrx_word' id='word_1_165' title='bbox 423 1955 623 2013; x_wconf 88' lang='lat' dir='ltr'>similitudines</span> <span class='ocrx_word' id='word_1_166' title='bbox 652 1958 872 2024; x_wconf 83' lang='lat' dir='ltr'>locustarum‚7</span> <span class='ocrx_word' id='word_1_167' title='bbox 899 1975 993 2019; x_wconf 68' lang='lat' dir='ltr'>ronan</span> 
     </span>
     <span class='ocr_line' id='line_1_23' title="bbox 89 2035 838 2108; baseline 0.004 -19"><span class='ocrx_word' id='word_1_168' title='bbox 89 2035 198 2090; x_wconf 90' lang='lat' dir='ltr'>similes</span> <span class='ocrx_word' id='word_1_169' title='bbox 224 2035 306 2105; x_wconf 89' lang='lat' dir='ltr'>equis</span> <span class='ocrx_word' id='word_1_170' title='bbox 330 2036 441 2104; x_wconf 90' lang='lat' dir='ltr'>paratis</span> <span class='ocrx_word' id='word_1_171' title='bbox 467 2035 496 2090; x_wconf 91' lang='lat' dir='ltr'>in</span> <span class='ocrx_word' id='word_1_172' title='bbox 520 2038 672 2107; x_wconf 86' lang='lat' dir='ltr'>praelium:</span> <span class='ocrx_word' id='word_1_173' title='bbox 699 2041 728 2093; x_wconf 86' lang='lat' dir='ltr'>et</span> <span class='ocrx_word' id='word_1_174' title='bbox 751 2054 838 2108; x_wconf 87' lang='lat' dir='ltr'>super</span> 
     </span>
     <span class='ocr_line' id='line_1_24' title="bbox 89 2115 837 2186; baseline 0.004 -17"><span class='ocrx_word' id='word_1_175' title='bbox 89 2115 187 2184; x_wconf 88' lang='lat' dir='ltr'>capita</span> <span class='ocrx_word' id='word_1_176' title='bbox 205 2131 303 2170; x_wconf 87' lang='lat' dir='ltr'>earum</span> <span class='ocrx_word' id='word_1_177' title='bbox 322 2119 469 2186; x_wconf 79' lang='lat' dir='ltr'>tamquam</span> <span class='ocrx_word' id='word_1_178' title='bbox 489 2133 611 2171; x_wconf 90' lang='lat' dir='ltr'>coronae</span> <span class='ocrx_word' id='word_1_179' title='bbox 629 2118 737 2173; x_wconf 91' lang='lat' dir='ltr'>similes</span> <span class='ocrx_word' id='word_1_180' title='bbox 752 2134 837 2173; x_wconf 85' lang='lat' dir='ltr'>auro:</span> 
     </span>
     <span class='ocr_line' id='line_1_25' title="bbox 89 2195 836 2266; baseline 0.003 -16"><span class='ocrx_word' id='word_1_181' title='bbox 89 2201 119 2250; x_wconf 91' lang='lat' dir='ltr'>et</span> <span class='ocrx_word' id='word_1_182' title='bbox 147 2195 237 2250; x_wconf 85' lang='lat' dir='ltr'>facies</span> <span class='ocrx_word' id='word_1_183' title='bbox 266 2213 364 2250; x_wconf 87' lang='lat' dir='ltr'>earum</span> <span class='ocrx_word' id='word_1_184' title='bbox 392 2199 539 2266; x_wconf 89' lang='lat' dir='ltr'>tamquam</span> <span class='ocrx_word' id='word_1_185' title='bbox 565 2196 657 2252; x_wconf 85' lang='lat' dir='ltr'>facies</span> <span class='ocrx_word' id='word_1_186' title='bbox 682 2198 836 2253; x_wconf 79' lang='lat' dir='ltr'>hominum.</span> 
     </span>
    </p>

    <p class='ocr_par' dir='ltr' id='par_1_4' title="bbox 88 2273 994 2587">
     <span class='ocr_line' id='line_1_26' title="bbox 88 2273 994 2347; baseline 0.003 -18"><span class='ocrx_word' id='word_1_187' title='bbox 88 2275 126 2330; x_wconf 90' lang='lat' dir='ltr'>Et</span> <span class='ocrx_word' id='word_1_188' title='bbox 144 2273 291 2330; x_wconf 84' lang='lat' dir='ltr'>habebant</span> <span class='ocrx_word' id='word_1_189' title='bbox 309 2276 428 2345; x_wconf 85' lang='lat' dir='ltr'>capillos</span> <span class='ocrx_word' id='word_1_190' title='bbox 448 2276 523 2331; x_wconf 88' lang='lat' dir='ltr'>sicut</span> <span class='ocrx_word' id='word_1_191' title='bbox 542 2277 660 2347; x_wconf 88' lang='lat' dir='ltr'>capillos</span> <span class='ocrx_word' id='word_1_192' title='bbox 674 2279 873 2334; x_wconf 67' lang='lat' dir='ltr'>mulierum-8</span> <span class='ocrx_word' id='word_1_193' title='bbox 900 2297 946 2332; x_wconf 71' lang='lat' dir='ltr'>son</span> <span class='ocrx_word' id='word_1_194' title='bbox 958 2300 994 2341; x_wconf 68' lang='lat' dir='ltr'>ra.</span> 
     </span>
     <span class='ocr_line' id='line_1_27' title="bbox 89 2355 834 2424; baseline 0.003 -14"><span class='ocrx_word' id='word_1_195' title='bbox 89 2361 119 2410; x_wconf 90' lang='lat' dir='ltr'>et</span> <span class='ocrx_word' id='word_1_196' title='bbox 138 2355 239 2410; x_wconf 86' lang='lat' dir='ltr'>dentes</span> <span class='ocrx_word' id='word_1_197' title='bbox 259 2373 370 2424; x_wconf 86' lang='lat' dir='ltr'>earum,</span> <span class='ocrx_word' id='word_1_198' title='bbox 389 2355 465 2411; x_wconf 90' lang='lat' dir='ltr'>sicut</span> <span class='ocrx_word' id='word_1_199' title='bbox 484 2355 585 2411; x_wconf 89' lang='lat' dir='ltr'>dentes</span> <span class='ocrx_word' id='word_1_200' title='bbox 603 2357 717 2412; x_wconf 90' lang='lat' dir='ltr'>leonum</span> <span class='ocrx_word' id='word_1_201' title='bbox 740 2363 834 2414; x_wconf 83' lang='lat' dir='ltr'>erant:</span> 
     </span>
     <span class='ocr_line' id='line_1_28' title="bbox 89 2434 994 2504; baseline 0.003 -14"><span class='ocrx_word' id='word_1_202' title='bbox 89 2439 118 2490; x_wconf 85' lang='lat' dir='ltr'>et</span> <span class='ocrx_word' id='word_1_203' title='bbox 132 2434 280 2490; x_wconf 89' lang='lat' dir='ltr'>habebant</span> <span class='ocrx_word' id='word_1_204' title='bbox 288 2435 391 2490; x_wconf 85' lang='lat' dir='ltr'>loricas</span> <span class='ocrx_word' id='word_1_205' title='bbox 402 2435 477 2490; x_wconf 85' lang='lat' dir='ltr'>sicut</span> <span class='ocrx_word' id='word_1_206' title='bbox 488 2435 592 2491; x_wconf 83' lang='lat' dir='ltr'>loricas</span> <span class='ocrx_word' id='word_1_207' title='bbox 605 2435 723 2504; x_wconf 83' lang='lat' dir='ltr'>terreas,</span> <span class='ocrx_word' id='word_1_208' title='bbox 738 2440 767 2492; x_wconf 89' lang='lat' dir='ltr'>et</span> <span class='ocrx_word' id='word_1_209' title='bbox 781 2455 837 2492; x_wconf 82' lang='lat' dir='ltr'>vox</span> <span class='ocrx_word' id='word_1_210' title='bbox 855 2445 872 2494; x_wconf 88' lang='grc'><strong>9</strong></span> <span class='ocrx_word' id='word_1_211' title='bbox 900 2458 946 2493; x_wconf 75' lang='lat' dir='ltr'>nn</span> <span class='ocrx_word' id='word_1_212' title='bbox 958 2461 994 2501; x_wconf 65' lang='lat' dir='ltr'>aa.</span> 
     </span>
     <span class='ocr_line' id='line_1_29' title="bbox 90 2517 837 2587; baseline 0.003 -17"><span class='ocrx_word' id='word_1_213' title='bbox 90 2517 199 2571; x_wconf 85' lang='lat' dir='ltr'>alarum</span> <span class='ocrx_word' id='word_1_214' title='bbox 210 2532 308 2570; x_wconf 88' lang='lat' dir='ltr'>earum</span> <span class='ocrx_word' id='word_1_215' title='bbox 317 2517 393 2571; x_wconf 87' lang='lat' dir='ltr'>sicut</span> <span class='ocrx_word' id='word_1_216' title='bbox 402 2532 459 2571; x_wconf 85' lang='lat' dir='ltr'>vox</span> <span class='ocrx_word' id='word_1_217' title='bbox 469 2533 602 2571; x_wconf 90' lang='lat' dir='ltr'>curruum</span> <span class='ocrx_word' id='word_1_218' title='bbox 616 2532 753 2587; x_wconf 87' lang='lat' dir='ltr'>equorum</span> <span class='ocrx_word' id='word_1_219' title='bbox 767 2519 837 2572; x_wconf 91' lang='lat' dir='ltr'>mul·</span> 
     </span>
    </p>
   </div>
   <div class='ocr_carea' id='block_1_3' title="bbox 88 2658 839 3214">
    <p class='ocr_par' dir='ltr' id='par_1_5' title="bbox 88 2658 839 3214">
     <span class='ocr_line' id='line_1_30' title="bbox 142 2658 837 2715; baseline 0.004 -13"><span class='ocrx_word' id='word_1_220' title='bbox 142 2665 167 2702; x_wconf 83' lang='lat'>31</span> <span class='ocrx_word' id='word_1_221' title='bbox 183 2658 382 2712; x_wconf 76' lang='lat' dir='ltr'>(habitatoribus)</span> <span class='ocrx_word' id='word_1_222' title='bbox 407 2660 411 2714; x_wconf 89' lang='grc' dir='ltr'>Ι</span> <span class='ocrx_word' id='word_1_223' title='bbox 436 2662 616 2715; x_wconf 81' lang='lat' dir='ltr'>superterram</span> <span class='ocrx_word' id='word_1_224' title='bbox 634 2660 681 2708; x_wconf 61' lang='lat' dir='ltr'>&amp;A</span> <span class='ocrx_word' id='word_1_225' title='bbox 706 2661 710 2715; x_wconf 84' lang='grc' dir='ltr'>Ι</span> <span class='ocrx_word' id='word_1_226' title='bbox 733 2661 837 2712; x_wconf 62' lang='lat' dir='ltr'>vocis]</span> 
     </span>
     <span class='ocr_line' id='line_1_31' title="bbox 88 2722 205 2776; baseline -0.017 -10"><span class='ocrx_word' id='word_1_227' title='bbox 88 2722 116 2776; x_wconf 57' lang='grc'>’1-</span> <span class='ocrx_word' id='word_1_228' title='bbox 129 2723 205 2766; x_wconf 81' lang='lat' dir='ltr'>tubae</span> 
     </span>
     <span class='ocr_line' id='line_1_32' title="bbox 102 2785 827 2842; baseline 0.001 -16"><span class='ocrx_word' id='word_1_229' title='bbox 102 2786 104 2792; x_wconf 89' lang='grc'><strong>’</strong></span> <span class='ocrx_word' id='word_1_230' title='bbox 143 2785 182 2840; x_wconf 78' lang='lat'>9,1</span> <span class='ocrx_word' id='word_1_231' title='bbox 196 2786 304 2828; x_wconf 81' lang='lat' dir='ltr'>terraF</span> <span class='ocrx_word' id='word_1_232' title='bbox 330 2787 334 2838; x_wconf 92' lang='grc'>1</span> <span class='ocrx_word' id='word_1_233' title='bbox 363 2785 401 2829; x_wconf 87' lang='lat' dir='ltr'>illi</span> <span class='ocrx_word' id='word_1_234' title='bbox 475 2787 578 2831; x_wconf 74' lang='lat' dir='ltr'>a-Et</span> <span class='ocrx_word' id='word_1_235' title='bbox 596 2785 794 2842; x_wconf 78' lang='lat' dir='ltr'>ap.pnt.ab.A</span> <span class='ocrx_word' id='word_1_236' title='bbox 823 2787 827 2838; x_wconf 78' lang='grc' dir='ltr'>Ι</span> 
     </span>
     <span class='ocr_line' id='line_1_33' title="bbox 90 2847 839 2904; baseline -0.003 -14"><span class='ocrx_word' id='word_1_237' title='bbox 90 2868 114 2880; x_wconf 94' lang='grc'><strong>-</strong></span> <span class='ocrx_word' id='word_1_238' title='bbox 128 2847 208 2891; x_wconf 82' lang='lat' dir='ltr'>tumus</span> <span class='ocrx_word' id='word_1_239' title='bbox 222 2847 249 2890; x_wconf 81' lang='grc'><strong>20</strong></span> <span class='ocrx_word' id='word_1_240' title='bbox 262 2849 289 2888; x_wconf 75' lang='lat' dir='ltr'>F</span> <span class='ocrx_word' id='word_1_241' title='bbox 358 2853 410 2890; x_wconf 79' lang='lat'>3-</span> <span class='ocrx_word' id='word_1_242' title='bbox 424 2849 490 2902; x_wconf 83' lang='lat' dir='ltr'>putei</span> <span class='ocrx_word' id='word_1_243' title='bbox 506 2849 592 2902; x_wconf 59' lang='lat' dir='ltr'>[mit</span> <span class='ocrx_word' id='word_1_244' title='bbox 618 2850 622 2904; x_wconf 90' lang='grc' dir='ltr'>Ι</span> <span class='ocrx_word' id='word_1_245' title='bbox 649 2849 801 2903; x_wconf 76' lang='lat' dir='ltr'>&gt;patinis</span> <span class='ocrx_word' id='word_1_246' title='bbox 816 2849 839 2888; x_wconf 76' lang='lat' dir='ltr'><strong><em>A</em></strong></span> 
     </span>
     <span class='ocr_line' id='line_1_34' title="bbox 89 2909 828 2965; baseline 0.009 -13"><span class='ocrx_word' id='word_1_247' title='bbox 89 2915 216 2954; x_wconf 64' lang='lat' dir='ltr'>{omnem</span> <span class='ocrx_word' id='word_1_248' title='bbox 238 2909 263 2952; x_wconf 90' lang='lat'>1⁰</span> <span class='ocrx_word' id='word_1_249' title='bbox 283 2909 317 2951; x_wconf 64' lang='grc' dir='ltr'>Αἱ</span> <span class='ocrx_word' id='word_1_250' title='bbox 349 2912 353 2962; x_wconf 84' lang='grc' dir='ltr'>Ι</span> <span class='ocrx_word' id='word_1_251' title='bbox 386 2931 409 2943; x_wconf 95' lang='grc'>-</span> <span class='ocrx_word' id='word_1_252' title='bbox 432 2911 482 2954; x_wconf 82' lang='lat' dir='ltr'>suls</span> <span class='ocrx_word' id='word_1_253' title='bbox 504 2911 571 2965; x_wconf 60' lang='lat' dir='ltr'>aa</span> <span class='ocrx_word' id='word_1_254' title='bbox 651 2911 794 2964; x_wconf 62' lang='lat' dir='ltr'>salictum)</span> <span class='ocrx_word' id='word_1_255' title='bbox 824 2914 828 2963; x_wconf 94' lang='grc' dir='ltr'>Ι</span> 
     </span>
     <span class='ocr_line' id='line_1_35' title="bbox 90 2972 839 3029; baseline -0.003 -13"><span class='ocrx_word' id='word_1_256' title='bbox 90 2979 124 3023; x_wconf 83' lang='grc'>(-</span> <span class='ocrx_word' id='word_1_257' title='bbox 144 2973 190 3024; x_wconf 85' lang='lat' dir='ltr'>est)</span> <span class='ocrx_word' id='word_1_258' title='bbox 223 2972 227 3025; x_wconf 91' lang='grc' dir='ltr'>Ι</span> <span class='ocrx_word' id='word_1_259' title='bbox 260 2973 293 3022; x_wconf 79' lang='lat' dir='ltr'>t·</span> <span class='ocrx_word' id='word_1_260' title='bbox 313 2973 364 3022; x_wconf 83' lang='lat' dir='ltr'>cos)</span> <span class='ocrx_word' id='word_1_261' title='bbox 396 2974 400 3026; x_wconf 82' lang='grc'>1</span> <span class='ocrx_word' id='word_1_262' title='bbox 433 2973 599 3018; x_wconf 83' lang='lat' dir='ltr'>cruciarentur</span> <span class='ocrx_word' id='word_1_263' title='bbox 632 2977 636 3029; x_wconf 85' lang='grc' dir='ltr'>Ι</span> <span class='ocrx_word' id='word_1_264' title='bbox 673 2996 696 3007; x_wconf 97' lang='grc'>-</span> <span class='ocrx_word' id='word_1_265' title='bbox 716 2976 744 3018; x_wconf 82' lang='lat' dir='ltr'>ut</span> <span class='ocrx_word' id='word_1_266' title='bbox 761 2974 788 3017; x_wconf 78' lang='lat'>2⁰</span> <span class='ocrx_word' id='word_1_267' title='bbox 806 2973 839 3014; x_wconf 72' lang='grc' dir='ltr'>Αἱ</span> 
     </span>
     <span class='ocr_line' id='line_1_36' title="bbox 89 3035 837 3092; baseline 0.001 -15"><span class='ocrx_word' id='word_1_268' title='bbox 89 3035 246 3078; x_wconf 78' lang='lat' dir='ltr'>c-ut10</span> <span class='ocrx_word' id='word_1_269' title='bbox 266 3037 289 3076; x_wconf 83' lang='grc' dir='ltr'><strong><em>Α</em></strong></span> <span class='ocrx_word' id='word_1_270' title='bbox 323 3035 327 3089; x_wconf 90' lang='grc' dir='ltr'>Ι</span> <span class='ocrx_word' id='word_1_271' title='bbox 362 3038 385 3085; x_wconf 96' lang='grc'>&gt;</span> <span class='ocrx_word' id='word_1_272' title='bbox 408 3045 473 3079; x_wconf 89' lang='lat' dir='ltr'>mors</span> <span class='ocrx_word' id='word_1_273' title='bbox 494 3035 573 3090; x_wconf 80' lang='lat' dir='ltr'>lugiet</span> <span class='ocrx_word' id='word_1_274' title='bbox 594 3039 619 3077; x_wconf 80' lang='lat' dir='ltr'><em>F</em></span> <span class='ocrx_word' id='word_1_275' title='bbox 651 3038 654 3092; x_wconf 89' lang='grc' dir='ltr'>Ι</span> <span class='ocrx_word' id='word_1_276' title='bbox 688 3037 749 3092; x_wconf 83' lang='lat' dir='ltr'>ipsis</span> <span class='ocrx_word' id='word_1_277' title='bbox 770 3036 837 3091; x_wconf 62' lang='lat' dir='ltr'>{UA</span> 
     </span>
     <span class='ocr_line' id='line_1_37' title="bbox 89 3097 838 3153; baseline 0.004 -15"><span class='ocrx_word' id='word_1_278' title='bbox 89 3098 199 3152; x_wconf 72' lang='lat' dir='ltr'>rproel-</span> <span class='ocrx_word' id='word_1_279' title='bbox 216 3098 276 3152; x_wconf 56' lang='lat' dir='ltr'>a&amp;</span> <span class='ocrx_word' id='word_1_280' title='bbox 306 3097 310 3150; x_wconf 92' lang='grc' dir='ltr'>Ι</span> <span class='ocrx_word' id='word_1_281' title='bbox 340 3107 422 3140; x_wconf 86' lang='lat' dir='ltr'>eorum</span> <span class='ocrx_word' id='word_1_282' title='bbox 435 3097 469 3137; x_wconf 63' lang='grc' dir='ltr'>Αἱ</span> <span class='ocrx_word' id='word_1_283' title='bbox 494 3101 497 3150; x_wconf 83' lang='grc' dir='ltr'>Ι</span> <span class='ocrx_word' id='word_1_284' title='bbox 523 3101 645 3153; x_wconf 80' lang='lat' dir='ltr'>(corones)</span> <span class='ocrx_word' id='word_1_285' title='bbox 671 3102 675 3153; x_wconf 74' lang='grc' dir='ltr'>Ι</span> <span class='ocrx_word' id='word_1_286' title='bbox 699 3101 774 3152; x_wconf 84' lang='lat' dir='ltr'>tamq.</span> <span class='ocrx_word' id='word_1_287' title='bbox 789 3099 838 3148; x_wconf 78' lang='grc'>20]</span> 
     </span>
     <span class='ocr_line' id='line_1_38' title="bbox 90 3159 680 3214; baseline 0.002 -11"><span class='ocrx_word' id='word_1_288' title='bbox 90 3159 153 3204; x_wconf 84' lang='lat' dir='ltr'>sicut</span> <span class='ocrx_word' id='word_1_289' title='bbox 220 3166 271 3204; x_wconf 80' lang='lat'>8-</span> <span class='ocrx_word' id='word_1_290' title='bbox 287 3159 351 3203; x_wconf 84' lang='lat' dir='ltr'>sicut</span> <span class='ocrx_word' id='word_1_291' title='bbox 366 3170 419 3213; x_wconf 83' lang='lat' dir='ltr'>cap.</span> <span class='ocrx_word' id='word_1_292' title='bbox 434 3160 460 3200; x_wconf 83' lang='lat' dir='ltr'><em>F</em></span> <span class='ocrx_word' id='word_1_293' title='bbox 483 3160 487 3214; x_wconf 83' lang='grc' dir='ltr'>Ι</span> <span class='ocrx_word' id='word_1_294' title='bbox 514 3181 537 3194; x_wconf 90' lang='grc'><strong>-</strong></span> <span class='ocrx_word' id='word_1_295' title='bbox 553 3161 680 3206; x_wconf 68' lang='lat' dir='ltr'>concesso</span> 
     </span>
    </p>
   </div>
   <div class='ocr_carea' id='block_1_4' title="bbox 453 3238 494 3283">
    <p class='ocr_par' dir='ltr' id='par_1_6' title="bbox 453 3238 494 3283">
     <span class='ocr_line' id='line_1_39' title="bbox 453 3238 494 3283; baseline -0.024 0"><span class='ocrx_word' id='word_1_296' title='bbox 453 3238 494 3283; x_wconf 74' lang='lat'>629</span> 
     </span>
    </p>
   </div>
   <div class='ocr_carea' id='block_1_5' title="bbox 0 0 1143 3434">
    <p class='ocr_par' dir='ltr' id='par_1_7' title="bbox 0 0 1143 3434">
     <span class='ocr_line' id='line_1_40' title="bbox 0 0 1143 3434; baseline 0 0"><span class='ocrx_word' id='word_1_297' title='bbox 0 0 1143 3434; x_wconf 95' lang='lat' dir='ltr'> </span> 
     </span>
    </p>
   </div>
  </div>
 </body>
</html>
