2275 3434
296 174 496 246 sacvrovu
520 190 653 246 nvcnu.
749 190 890 258 sao-m.

81 356 206 409 vestra?
232 354 287 424 Qui
300 335 444 421 timentia,
462 353 558 407 mirati
573 351 692 407 suntad
707 353 836 418 invicem,

81 435 231 490 dicentes:
258 434 328 503 Quis
346 436 434 504 putas
453 433 500 488 hic
518 437 576 500 est,
600 433 668 502 quia
686 436 715 487 et
733 433 837 499 ventis,
1059 483 1061 490 ,

81 518 113 569 et
140 515 215 570 mari
240 515 378 584 imperat,
405 518 434 569 a
456 513 595 569 obediunt
614 513 660 568 eu
732 512 769 568 m
787 530 836 568 na·
856 517 890 568 aa
903 515 1027 597 „gg-2334,

80 596 258 665 vigaverunt
283 595 321 651 ad
344 596 489 666 regionem
513 594 737 662 Gerasenorum,
763 611 836 664 quae
902 586 1018 649 berb—ro·
1112 595 1113 636 ἲ

82 680 132 731 est
152 679 253 731 contra
267 675 433 730 Galilaeam.
466 675 503 728 Et
522 691 586 729 cum
605 690 740 744 egressus
759 678 837 729 esset
856 679 890 729 27
1038 681 1041 688 ‘

83 755 124 811 ad
143 759 259 824 terram,
279 755 403 810 occurrit
420 755 460 809 illi
479 755 522 809 vir
540 754 666 824 quidam,
684 756 734 826 qui
751 755 837 810 babe-

82 838 137 892 bat
167 836 348 891 daemonium
376 835 434 889 iam
461 835 638 905 temporibus
666 835 778 903 multis,
809 839 838 890 et

83 917 262 971 vestimento
286 932 343 970 non
369 914 556 981 induebatur,
582 930 674 984 neque
700 917 729 969 in
754 915 838 972 domo

84 996 241 1061 manebat,
269 995 321 1050 sod
346 995 375 1050 in
400 995 600 1050 monumentis
638 994 680 1062 ia,
709 1000 741 1050 ut
766 996 838 1051 vidit
857 999 891 1049 28

86 1077 192 1142 Iesum,
212 1074 335 1144 procidit
354 1079 422 1130 ante
436 1076 526 1130 illum:
545 1080 576 1131 et
590 1077 753 1132 exclamans
768 1094 837 1131 vooe

86 1173 204 1226 magna,
223 1155 308 1211 dixit:
329 1155 404 1227 Quid
422 1155 500 1222 mibi,
520 1160 549 1212 et
568 1156 621 1212 tibi
641 1160 685 1212 est
704 1157 768 1212 Iesu
786 1157 837 1212 Fili
874 1185 876 1192 >

86 1236 141 1292 Dei
162 1235 322 1308 ditissimi?
347 1237 466 1292 obsecro
492 1241 534 1304 te,
560 1253 596 1291 no
621 1253 667 1291 mc
692 1230 836 1307 torqueas

86 1316 291 1387 Praecipiebat
309 1318 384 1372 enim
403 1317 516 1386 spiritui
534 1317 680 1372 immundo
699 1322 731 1373 ut
747 1317 837 1373 exiret
856 1322 890 1370 ‘29

88 1398 125 1453 ab
141 1397 263 1453 bomine.
289 1397 385 1452 Multis
400 1399 474 1453 enim
489 1398 666 1468 temporibus
682 1399 837 1469 arripiebat

76 1472 181 1546 illum,
206 1482 236 1534 et
258 1479 438 1534 vinciebatur
456 1479 580 1547 catonis,
604 1482 633 1534 et
652 1479 836 1550 compedibus

88 1559 258 1614 custoditus.
287 1563 317 1615 et
335 1558 428 1629 mptis
444 1559 565 1614 vinculis
585 1561 726 1630 agebatur
740 1577 757 1614 a
771 1561 837 1616 dae·
927 1595 932 1619 ;

87 1640 183 1694 monio
209 1639 238 1694 in
264 1639 387 1696 deserta.
423 1639 614 1710 Interrogavit
639 1643 736 1695 autem
759 1641 836 1696 iilum
855 1643 891 1693 30

88 1721 182 1787 Iesus,
202 1719 313 1775 dicens:
337 1719 420 1790 Quod
438 1720 492 1776 tibi
510 1737 614 1776 nornen
634 1717 698 1775 est?
735 1721 773 1776 At
791 1721 837 1775 ilie
898 1753 901 1760 ·

90 1801 175 1855 dixit:
190 1800 292 1870 Legio:
307 1803 375 1871 quia
388 1801 567 1856 intraverant
582 1800 734 1856 daemonia
747 1803 838 1856 multa
872 1826 876 1831 -

90 1880 120 1935 in
137 1897 210 1936 eum.
242 1881 279 1936 Et
297 1882 439 1952 rogabant
457 1882 536 1937 illum
555 1898 591 1936 ne
610 1881 765 1952 imperaret
783 1881 836 1936 illis
856 1884 888 1934 31

91 1964 123 2015 ut
149 1961 340 2031 inabyssum
365 1963 447 2018 irent.
484 1962 554 2018 Erat
581 1965 677 2018 autem
702 1963 742 2016 ibi
768 1978 837 2032 grex
856 1965 890 2014 32

91 2056 239 2110 porcorum
258 2043 411 2098 multorum
430 2043 611 2112 pascentium
631 2043 660 2097 in
677 2045 788 2097 monte:
808 2044 838 2096 et
927 2068 929 2072 .

91 2120 231 2190 rogabant
264 2137 344 2189 eum,
376 2126 409 2176 ut
440 2122 620 2190 permitteret
649 2122 690 2177 eis
718 2121 747 2175 in
774 2121 836 2176 illos

90 2199 208 2270 ingredi.
235 2201 272 2257 Et
289 2201 420 2272 permisit
438 2201 502 2257 illis.
514 2203 519 2241 ¹
530 2201 669 2257 Exierunt
689 2218 756 2272 ergo
771 2201 837 2257 dae·
855 2198 890 2256 ‘33

90 2282 185 2337 monia
210 2283 246 2338 ab
273 2283 399 2350 homine,
425 2286 455 2338 et
473 2282 654 2338 intraverunt
671 2283 700 2338 in
719 2299 835 2352 porcos:
872 2307 874 2313 ·

92 2366 121 2418 et
135 2363 243 2433 impetu
260 2362 332 2418 abiit
345 2380 415 2433 grex
429 2379 481 2433 per
494 2379 634 2433 praeceps
649 2363 678 2418 in
693 2366 835 2434 stagnum,

91 2447 121 2497 et
142 2442 301 2498 suffocatus
324 2448 377 2499 est.
416 2443 498 2514 Quod
520 2446 552 2499 ut
574 2443 707 2499 viderunt
727 2443 836 2499 iactum
856 2448 890 2497 34

92 2523 138 2593 qui
170 2525 344 2593 pascebant,
381 2525 530 2593 fugerunt,
568 2528 598 2580 et
629 2524 837 2581 nunciaverunt
870 2547 873 2556 *

143 2889 168 2926 25
183 2888 205 2935 >
221 2883 267 2928 dio.
283 2883 315 2928 ad
327 2883 378 2928 inv.
396 2884 399 2937 Ι
418 2883 440 2939 ξ
455 2905 478 2916 -
494 2886 519 2927 ot
534 2886 559 2926 1⁰
577 2885 580 2937 Ι
598 2889 620 2934 >
636 2869 760 2939 imponet
774 2885 836 2929 mari

143 2961 169 2998 26
181 2955 381 3010 Enorigavorunt
394 2956 476 3000 entem
490 2956 522 2999 ad

144 3032 169 3069 27
182 3025 204 3082 ξ
218 3037 273 3072 oum
286 3027 315 3071 de
329 3026 389 3072 nevi
403 3038 453 3081 egr.

143 3098 335 3144 reintraverunt

144 3175 167 3212 31
181 3179 235 3215 oum

452 3250 491 3293 rea
602 3315 603 3318 Ἴ
