2275 3434
300 145 499 201 SECVNDVM
512 145 682 200 'MARGVM
767 145 910 213 ‘ipa-27.

105 307 160 362 sed
185 308 234 376 qui
257 309 331 362 male
350 309 471 363 habent:
498 325 557 362 non
576 306 651 362 enirn
670 306 736 360 veni
755 322 857 360 vocare

105 387 216 456 iustos,
245 387 297 444 sed
323 393 499 458 peccatores
555 387 592 442 Et
618 389 700 442 erant
726 385 857 454 discipuli
877 387 911 439 18
922 385 1048 471 „gfff-²¹7·

105 468 235 536 loannis
260 473 289 524 et
306 469 455 524 Pharisaei
478 468 657 523 ieiunantes:
683 470 712 521 et
730 466 858 533 veniunt,
921 476 1035 517 nrm-⁸⁸·

105 551 137 602 et
165 549 264 606 dicunt
291 549 347 604 illi:
381 550 476 620 Quare
505 548 637 618 discipuli
665 547 796 614 IoanniS,
829 550 859 600 et

105 629 327 686 Pharisaeorum
355 631 498 698 ieiunant,
529 629 572 684 tui
600 632 697 685 autem
726 627 858 696 discipuli

106 727 164 766 non
191 710 341 766 ieiunant?
378 711 417 765 Et
442 711 484 765 ait
508 711 563 764 iliis
588 710 684 764 lesus:
713 707 858 778 Numquid
878 709 911 759 19
938 742 941 746 μ

106 796 230 860 possunt
244 792 295 846 filii
308 791 483 860 nuptiarum,
503 789 639 860 quamdiu
653 806 778 859 sponsus
793 805 858 843 cum

105 872 162 926 illis
188 876 248 937 est,
273 870 422 924 ieiunare?
459 869 574 938 Quanto
599 873 727 938 tempore
749 870 858 924 habent

108 967 207 1004 secum
219 966 367 1018 sponsum,
379 964 437 1002 non
447 951 571 1017 possunt
582 948 718 1004 ieiunare.
737 950 858 1004 Venient
876 949 912 1000 20

109 1033 208 1084 autem
228 1028 289 1082 dies
309 1044 373 1082 cum
393 1028 540 1083 auferetur
557 1029 594 1082 ab
613 1028 655 1083 eis
672 1045 809 1097 sponsus:
829 1032 859 1083 et

109 1111 179 1163 tunc
202 1107 371 1162 ieiunabunt
394 1108 422 1162 in
446 1108 501 1162 iliis
521 1108 633 1164 diebus,
669 1108 758 1163 Nemo
778 1126 858 1163 assu·
877 1109 911 1161 21

108 1192 237 1244 mentum
256 1188 344 1258 panni
362 1187 441 1243 rudis
459 1189 551 1244 assuit
565 1189 739 1244 vestimento
753 1189 857 1242 veteri:

108 1269 235 1339 alioquin
252 1268 347 1324 aufert
362 1269 593 1338 supplementum
607 1286 714 1324 novum
729 1285 746 1322 a
759 1269 858 1336 veteri,

109 1353 138 1402 et
160 1349 252 1404 maior
272 1348 398 1403 scissura
416 1348 457 1405 fit.
494 1349 531 1404 Et
549 1367 634 1404 nemo
652 1349 742 1404 mittit
761 1349 858 1402 vinum
877 1352 912 1402 22

109 1445 215 1483 novum
242 1429 272 1486 in
299 1432 378 1483 utres
406 1432 533 1484 veteres:
563 1429 689 1499 alioquin
715 1429 859 1498 dirumpet

109 1508 207 1563 vinum
231 1512 325 1576 utrm,
352 1513 383 1566 et
404 1509 502 1564 vinum
526 1507 702 1577 effundetur,
729 1513 758 1564 et
777 1512 858 1564 utres

108 1589 255 1658 peribunt:
282 1589 334 1644 sed
356 1589 455 1644 vinum
479 1605 586 1644 novum
614 1590 643 1644 in
666 1594 745 1644 utres
767 1607 858 1644 novos

107 1669 183 1724 mitti
202 1669 295 1724 debet.

79 1739 98 1821 ἓ
179 1750 216 1804 Et
235 1749 345 1804 iactum
364 1753 409 1804 est
427 1750 532 1806 iterum
552 1767 617 1804 cum
634 1750 774 1806 Dominus
793 1751 858 1804 sab-
877 1754 911 1804 23
922 1751 1038 1839 Μξῇξῇξῇ.

107 1829 184 1885 batis
211 1829 371 1884 ambularet
395 1847 447 1900 per
472 1833 553 1898 sata,
583 1834 613 1885 et
637 1831 770 1900 discipuli
796 1830 858 1884 eius
922 1842 1014 1883 Len-⁶·

107 1914 264 1979 coeperunt
282 1910 428 1979 progredi,
449 1914 478 1966 et
497 1911 600 1965 vellere
619 1911 723 1980 spicas
761 1910 858 1964 Phari·
876 1913 913 1964 24

109 1990 170 2044 saei
195 1993 291 2046 autem
317 1991 452 2045 dicebant
477 1991 518 2044 ei:
544 1991 632 2058 Ecce,
657 1990 727 2060 quid
748 1989 859 2044 faciunt

110 2070 238 2125 sabbatis
265 2070 342 2141 quod
361 2085 418 2124 non
436 2070 523 2124 licet?
558 2071 598 2124 Et
616 2071 657 2124 ait
675 2071 745 2124 illis:
771 2069 858 2124 Num·
876 2074 925 2124 25.

109 2167 195 2219 quam
212 2150 324 2220 legistis
343 2149 413 2218 quid
431 2149 533 2205 fecerit
551 2149 655 2216 David,
677 2149 791 2218 quando
810 2165 858 2204 ne-

109 2230 274 2293 cessitatem
293 2230 402 2298 habuit‚
422 2232 451 2284 et
470 2229 572 2283 esuriit
590 2230 661 2298 ipse,
683 2232 712 2283 et
728 2230 777 2299 qui
794 2247 858 2284 curn

108 2327 141 2366 θο
168 2313 270 2367 erant?
308 2310 451 2380 quomodo
473 2309 603 2366 introivit
621 2310 651 2363 in
671 2309 785 2365 domum
804 2311 858 2365 Dei
876 2316 1035 2375 261smar.

108 2393 161 2446 sub
180 2391 321 2446 Abiathar
345 2390 473 2460 principe
498 2390 694 2458 sacerdotum,
720 2395 750 2445 et
767 2409 857 2461 panes
921 2378 1009 2419 Mi·

108 2472 312 2541 propositionis
341 2472 540 2540 manducavit,
568 2487 641 2541 quos
668 2489 726 2525 non
753 2473 858 2528 licebat

108 2552 297 2620 manducare,
324 2553 380 2608 nisi
406 2552 620 2619 sacerdotibuS,
648 2556 678 2606 et
703 2552 782 2608 dedit
807 2554 857 2621 eiS,

79 2631 157 2712 {iqui
185 2650 250 2687 cum
278 2649 311 2686 eo
341 2635 442 2687 erant?
488 2633 525 2687 Et
553 2633 669 2687 dicebat
696 2633 753 2687 eis:
787 2633 857 2688 Sab·
876 2639 910 2689 27
922 2653 947 2688 m
958 2654 1006 2695 an.

108 2714 208 2768 batum
232 2716 349 2784 propter
372 2714 516 2768 hominem
540 2714 728 2782 factumest,
753 2717 783 2768 et
801 2731 857 2768 non

161 2872 187 2907 17
202 2864 223 2920 5
238 2865 393 2908 malehabent
447 2871 473 2908 20
486 2864 512 2909 in
526 2864 569 2908 illa
585 2865 624 2908 dia
678 2871 703 2908 21
718 2864 812 2908 auferet

160 2932 187 2970 22
200 2926 323 2970 novellum
348 2932 352 2978 Ι
377 2927 510 2971 effunditur

160 2995 226 3032 23-
242 2988 353 3034 dominus
377 2989 380 3044 Ι
406 2989 466 3044 ᾗ·
483 2995 507 3032 et
520 2989 547 3032 2⁰
572 2989 576 3044 Ι
602 2988 731 3044 praegredi

161 3057 188 3095 24
201 3051 223 3106 ᾗ
237 3051 285 3096 fac.
301 3051 414 3106 discipuli
427 3052 464 3096 tui

161 3119 187 3157 2⁶·
201 3114 296 3158 introiit
309 3123 340 3158 etc
365 3117 368 3167 Ι
395 3109 460 3158 -'in
484 3115 488 3168 Ι
512 3113 572 3158 licat
601 3115 604 3169 Ι
632 3114 717 3170 &nisi
731 3114 792 3157 solis
807 3125 857 3156 sac.

477 3194 504 3239 89
