2275 3434
229 147 369 215 dra-ar.
416 148 616 204 SECVNDVM
640 147 876 204 llATTHAEVlll.

230 312 263 362 19
353 309 445 364 Nolite
478 310 672 364 thesaurizare
705 311 785 364 vobis
817 310 968 364 thesauros
1002 311 1030 364 in

282 394 371 445 terra:
395 391 444 444 ubi
464 407 582 458 aerugo,
601 395 630 443 et
648 391 727 445 tinea
745 390 908 445 demolitur:
933 394 962 444 et
980 390 1032 444 ubi

161 472 264 528 anau
282 472 360 525 fures
392 470 546 536 effodiunt,
579 474 608 524 et
640 471 778 525 furantur.
825 464 1061 545 Thesaurizate?

102 531 217 618 ‘tli’lffilli
282 555 377 606 autem
403 551 484 605 vobis
512 551 662 605 thesauros
687 551 717 604 in
741 552 833 605 caelo:
862 551 911 604 ubi
936 567 1030 620 neque

282 647 400 700 aerug0,
425 647 517 699 neque
542 631 620 685 tinea
644 630 805 696 demolitur,
831 635 860 685 et
883 631 932 684 ubi
951 631 1030 684 sures

228 712 261 763 21
281 729 338 766 non
366 710 517 780 effodiunt,
545 728 598 764 nec
627 711 765 765 furantur.
804 711 856 766 Ubi
884 712 959 765 enim
984 715 1031 765 est

92 807 108 840 n
120 793 262 850 11,a1-a.22
281 793 433 847 thesaurus
448 795 523 856 tuus
538 791 577 844 ibi
592 795 637 846 est
651 795 680 845 et
694 809 743 846 cor
756 796 845 845 tuum.
900 792 1031 845 Lucerna
1038 783 1058 863 *ξ

281 872 406 948 corporis
432 872 474 926 tui
500 875 545 925 est
563 873 663 925 oculus
681 875 756 926 tuus.
795 871 825 925 Si
844 872 942 926 oculus
961 875 1030 925 tuus

281 952 367 1007 fuerit
393 952 527 1021 simplex:
554 955 646 1007 totum
673 969 775 1020 corpus
800 956 881 1006 tuum
904 951 1028 1005 lucidum

159 1033 262 1091 so,n.23
281 1033 342 1086 erit.
380 1032 410 1086 si
439 1035 534 1085 autem
563 1032 661 1085 oculus
686 1036 753 1085 tuus
780 1032 865 1085 luerit
889 1048 1028 1100 nequam:

280 1116 372 1167 totum
392 1129 494 1181 corpus
513 1116 594 1166 tuum
613 1113 796 1166 tenebrosum
815 1112 875 1166 erit.
910 1111 940 1165 Si
960 1128 1029 1176 ergo

280 1194 389 1260 lumen,
414 1192 491 1262 quod
508 1192 537 1246 in
556 1195 586 1246 te
605 1197 663 1258 est,
688 1193 822 1247 tenebrae
841 1196 921 1246 sunt:
948 1192 1028 1260 ipsae

114 1273 263 1331 n1a‚e.1.‹.24
281 1273 415 1327 tenebrae
432 1275 555 1341 quantae
573 1273 675 1326 erunt?
703 1271 792 1326 Nemo
806 1275 901 1340 potest
917 1264 1058 1343 duobus?

130 1347 133 1352 ’
282 1353 402 1407 dominis
421 1353 539 1407 servire:
560 1356 611 1406 aut
630 1353 705 1407 enim
721 1369 809 1406 unum
823 1352 887 1406 odio
902 1352 1028 1416 habebit,

281 1437 310 1487 et
336 1435 455 1488 alterum
481 1432 592 1502 diliget:
618 1437 669 1487 aut
693 1449 781 1486 unum
806 1432 973 1499 sustinebit,
999 1437 1028 1486 et

281 1515 400 1568 alterum
420 1517 591 1568 contemnet.
623 1512 686 1566 Non
702 1512 824 1580 potestis
838 1512 898 1566 Deo
913 1512 1027 1577 servire,

91 1573 261 1661 n²iifn³ss²n25
282 1596 310 1647 et
335 1610 521 1648 mammonae,
557 1592 625 1647 Ideo
651 1592 714 1646 dico
738 1593 834 1659 vobiS,
862 1609 898 1646 ne
924 1584 1057 1662 soliciti?

141 1691 169 1727 m
181 1692 217 1731 aa.
281 1673 343 1728 sitis
369 1674 480 1727 animae
499 1677 612 1727 vestrae
632 1671 700 1740 quid
718 1672 909 1740 manducetis
934 1689 1027 1740 neque

61 1735 217 1822 ¹P⁵'⁷'irT1i}i
282 1753 392 1822 corpori
410 1757 506 1808 vestro
526 1752 595 1822 quid
613 1752 777 1806 induamini.
813 1753 914 1807 Nonne
933 1753 1028 1806 anima

281 1835 344 1903 plus
373 1839 418 1888 est
446 1835 531 1903 (ruam
560 1849 640 1886 esca:
669 1837 698 1887 et
724 1851 826 1902 corpus
852 1834 915 1902 plus
941 1835 1027 1902 quam

120 1933 216 1974 rom-n.
228 1915 262 1964 ‘26
281 1915 503 1968 vestimentum?
540 1913 684 1982 Respicite
702 1914 829 1968 volatilia
848 1913 934 1979 caeli,
959 1930 1028 1981 quo·

281 1995 357 2048 niam
376 2011 432 2048 non
452 1997 565 2060 serunt,
589 2010 682 2062 neque
700 1998 828 2060 metunt,
851 2009 944 2062 neque
963 2010 1028 2046 con-

280 2078 401 2144 gregant
426 2075 455 2128 in
480 2074 596 2128 horrea:
623 2077 652 2128 et
677 2079 760 2144 pater
782 2078 879 2128 vester
897 2073 1028 2127 caelestis

281 2155 374 2224 pascit
393 2155 447 2208 illa.
480 2154 581 2209 Nonne
595 2173 647 2209 vos
662 2156 754 2223 magis
768 2154 856 2223 pluris
871 2154 941 2207 estis
955 2153 1028 2206 illis?

228 2235 262 2286 27
282 2235 352 2305 Quis
378 2237 473 2289 auteur
492 2240 619 2290 vestrum
643 2236 773 2303 cogitans
792 2236 889 2301 potest
908 2233 1028 2287 adiicere

228 2315 263 2365 28
283 2315 319 2369 ad
347 2318 487 2369 staturam
515 2332 597 2369 suam
625 2316 752 2368 cubitum
780 2314 887 2365 unum?
931 2313 967 2369 Et
995 2313 1029 2367 de

283 2395 453 2449 vestimento
482 2394 550 2464 quid
578 2394 681 2448 soliciti
710 2393 800 2446 estis?
845 2390 1045 2447 Considerate*

235 2487 239 2490 '
283 2475 340 2529 lilia
370 2475 430 2544 agri
458 2473 599 2543 quomodo
628 2476 774 2526 crescunt:
808 2490 864 2527 non
891 2474 1029 2537 laborant,

132 2574 181 2616 ης
193 2575 219 2606 ιο.
230 2557 265 2608 29
283 2571 376 2624 neque
395 2557 471 2608 nent.
510 2553 581 2607 Dico
600 2555 696 2606 autem
715 2552 805 2619 vobiS,
826 2554 960 2622 quoniam
978 2570 1030 2607 nec

286 2635 419 2690 Salomon
449 2634 478 2687 in
506 2631 583 2686 omni
610 2632 699 2700 gloria
727 2650 780 2687 sua
808 2637 958 2703 coopertus
987 2638 1030 2687 est

232 2717 266 2767 30
285 2715 360 2768 sicut
384 2729 472 2766 unum
496 2729 531 2766 ex
553 2711 626 2766 istis
663 2711 694 2766 si
713 2715 809 2768 autem
827 2713 944 2769 foenum
962 2714 1030 2782 agri,

286 2792 363 2863 (ruod
380 2792 465 2846 hodie
484 2794 541 2858 est,
563 2795 593 2846 et
611 2809 673 2846 cras
693 2793 721 2846 in
741 2794 883 2848 clibanum
900 2793 1030 2859 mittitur,

287 2873 364 2928 Deus
389 2873 431 2926 sic
454 2871 554 2926 vestit:
582 2875 689 2942 quanto
714 2873 805 2942 magis
829 2891 881 2928 vos
903 2872 1030 2927 modicae

233 2956 266 3007 31
286 2952 372 3007 fidei?
417 2952 511 3008 Nolite
543 2969 610 3022 ergo
642 2953 745 3008 soliciti
777 2970 856 3021 esse,
888 2953 1030 3008 dicentes:

341 3061 376 3113 (ct.
383 3077 407 3113 p.
415 3060 448 3110 13)
463 3066 489 3104 24
503 3071 631 3103 mamonae
684 3066 711 3103 25
725 3060 825 3104 solliciti
838 3069 869 3103 erc
886 3060 890 3112 1
909 3081 933 3092 -
943 3059 997 3112 plus
1006 3058 1031 3100 2⁰

286 3121 312 3160 27
321 3114 453 3164 adicerem
480 3114 534 3168 285
544 3144 549 3157 .
555 3113 617 3165 pro?
644 3120 671 3158 3ο
678 3115 743 3164 aut]
751 3114 772 3168 ᾗ
780 3114 844 3156 enim
854 3114 859 3167 Ι
871 3112 1030 3156 minimaefid.

638 3192 665 3236 14
