2275 3434
291 126 490 184 SECVNDVM
516 126 691 183 IOANNEM.
746 128 905 196 llll-23.

101 305 157 359 ego
182 289 212 343 in
233 288 335 356 Patre,
362 292 391 344 et
409 289 497 344 Pater
521 290 550 343 in
575 305 622 344 me
646 290 712 344 ent?
747 289 851 356 Verba,

101 372 178 439 quae
197 385 251 439 ego
269 370 371 439 loquor
388 369 479 436 vobis,
498 386 516 423 a
532 370 657 439 meipso
672 386 729 425 non
743 370 851 439 loquor.

100 450 189 505 Pater
208 452 306 504 autem
323 449 357 503 in'
372 466 418 505 me
435 466 565 517 manens,
584 450 648 517 ipse
667 449 737 504 facit
755 465 851 519 opera.
894 467 898 481 ·

100 529 166 584 Non
192 528 310 585 creditis
335 530 402 599 quia
426 546 479 600 ego
497 530 527 585 in
545 530 645 597 Patre,
671 534 700 585 et
717 529 805 585 Pater
822 530 852 584 in
872 533 903 585 11
915 550 943 583 ιο.
957 551 1045 592 rorans.

100 626 149 664 me
168 610 232 665 est?
264 610 397 680 Alioquin
416 614 534 680 propter
551 626 639 679 opera
657 610 722 679 ipsa
736 609 851 665 credite.

100 691 208 757 Amen,
233 706 316 745 amen
343 690 406 745 dioo
431 690 529 758 vobiS,
555 691 604 761 qui
630 689 721 745 credit
744 690 773 745 in
797 706 852 756 me,
872 693 947 747 1210
959 712 1047 753 naua

100 786 207 841 opera,
238 787 313 840 quae
341 787 394 841 ego
423 771 512 839 facio,
544 775 574 826 et
600 771 663 841 ipse
691 770 795 838 faciet,
823 774 853 825 et

99 851 212 907 maiora
238 852 355 907 horum·
369 851 472 907 faciet:
501 852 569 922 quia
595 867 649 921 ego
674 850 712 906 ad
736 851 852 906 Patrem

63 924 185 1006 ssvado.
222 931 260 986 Et
288 930 487 1002 quodcumque
514 931 655 1001 petieritis
680 931 797 987 Patrem
823 931 852 985 in
872 934 906 986 13
916 952 1074 996 urrann.

101 1011 217 1067 nomine
233 1028 307 1079 meo,
326 1012 380 1067 hoc
394 1011 514 1067 faciam:
534 1016 567 1067 ut
580 1011 754 1082 glorificetur
767 1011 852 1066 Pater
916 996 1009 1040 ιω·

101 1092 131 1147 in
159 1092 238 1147 Filio.
282 1090 410 1161 Siquid
438 1092 579 1162 petieritis
606 1108 653 1147 me
680 1092 710 1146 in
738 1091 851 1147 nornine
872 1094 906 1146 14
915 1114 1003 1156 lanu.

101 1188 174 1239 meo,
194 1172 249 1227 hoe
268 1171 381 1227 faniam.
450 1172 481 1227 Si
500 1172 617 1243 diligitis
635 1188 695 1227 me:
714 1171 852 1228 mandata
871 1173 905 1226 16
915 1195 973 1236 rao.
986 1192 1064 1236 roal.

101 1268 166 1307 mea
184 1256 309 1307 servate.
336 1252 373 1308 Et
387 1268 440 1323 ego
455 1253 563 1323 rogabo
578 1252 702 1320 Patrem,
722 1256 751 1307 et
765 1252 851 1307 alium
871 1255 1014 1316 wana
1027 1275 1074 1315 rar.

97 1333 274 1401 ,paraclitum
297 1332 378 1389 dabit
396 1333 492 1401 vobin,
518 1336 550 1388 ut
568 1338 685 1389 maneat
703 1332 852 1389 vobiscum
915 1318 997 1360 ¹³²¹·

101 1414 130 1467 in
145 1415 320 1480 aeternum,¹
333 1412 471 1483 Spiritum
482 1413 622 1481 veritatiro,
632 1429 717 1483 quem
728 1412 851 1468 mundus
872 1415 904 1465 17
915 1436 973 1478 rara
986 1435 1034 1476 aro.

100 1510 158 1548 non
176 1496 276 1563 potest
295 1494 433 1563 accipere,
452 1494 597 1564 quianon
613 1493 693 1549 videt
706 1510 780 1561 eum,
799 1509 852 1548 nec
892 1479 1012 1566 :ffi'ffl'

102 1574 157 1629 soit
182 1590 257 1629 eum.
286 1590 338 1629 vos
362 1577 459 1629 autem
478 1574 659 1644 cognoscetis
678 1589 757 1629 eum:
784 1573 852 1643 quia

102 1654 178 1727 apud
207 1670 260 1709 vos
287 1654 430 1721 manebit,
458 1658 488 1709 et
514 1654 544 1709 in
571 1654 654 1711 vobis
671 1654 745 1711 erit.
788 1652 851 1709 Non
872 1655 906 1706 18

101 1734 261 1805 relinquam
293 1751 347 1790 vos
377 1734 554 1804 orphanos:·
575 1733 689 1790 veniam
721 1733 759 1789 ad
790 1750 850 1788 vos.

101 1814 202 1871 Adhuo
234 1813 394 1871 modicum:
429 1818 458 1870 et
485 1813 609 1871 mundus
636 1831 683 1869 me
709 1815 768 1869 iam
793 1830 851 1869 non
872 1815 905 1866 19
915 1838 974 1879 aa.

101 1894 189 1950 videt.
221 1894 280 1949 Vos
299 1898 396 1949 autem
414 1894 518 1949 videtis
537 1910 597 1951 me:
618 1894 686 1965 quia
704 1910 758 1964 ego
777 1894 852 1960 vivo,

102 1980 130 2030 et
144 1992 198 2047 vos
212 1975 325 2031 vivetis.
353 1974 385 2031 Iu
399 1975 446 2030 illo
462 1974 507 2031 die
521 1991 574 2031 vos
589 1973 769 2043 cognoscetis
784 1972 852 2042 quia
870 1974 906 2025 20
915 1997 1014 2040 nur-o.

101 2072 155 2125 ego
174 2072 240 2109 sum
258 2055 288 2111 in
306 2054 392 2110 Patre
411 2070 483 2122 meo,
510 2059 539 2109 et
557 2070 611 2109 vos
628 2054 658 2110 in
676 2068 731 2120 me,
750 2057 780 2107 et
797 2068 851 2121 ego

101 2137 130 2190 in
149 2136 242 2192 vobis.
280 2134 335 2205 Qui
353 2135 442 2190 habat
459 2134 599 2189 mandata
614 2149 688 2199 mea,
707 2136 737 2187 et
753 2136 852 2187 servat
870 2133 1014 2199 illrum.

70 2206 150 2287 ἕως
169 2216 217 2273 ille
231 2225 286 2283 est,
305 2215 354 2285 qui
368 2214 461 2285 diligit
475 2232 528 2272 me.
557 2213 634 2284 *Qui
648 2216 745 2268 autem
760 2210 852 2282 diligit
916 2200 998 2243 Μ’·

101 2312 164 2364 me,
190 2295 323 2365 diligetur
348 2295 471 2351 aPatre
495 2311 574 2350 meo:
600 2298 639 2351 et,
655 2309 709 2362 ego
735 2291 852 2361 diligam

71 2364 182 2447 {eum
202 2379 232 2431 et
244 2375 445 2432 ‚mamlestaho
462 2375 488 2431 ei
507 2390 552 2429 me
572 2374 674 2444 ipsum.
729 2371 807 2430 Dicit
825 2371 852 2425 ei
870 2373 952 2431 lm
963 2398 1020 2439 ruo.

101 2456 198 2525 Iudae,
211 2473 269 2511 non
283 2456 329 2511 ille
339 2456 503 2511 iscariotes:
518 2454 648 2521 Domine,
663 2452 732 2523 quid
743 2452 851 2507 facturn
877 2498 879 2502 .

101 2541 156 2604 est
175 2537 244 2607 quia
261 2535 498 2592 manifestaturus
518 2552 549 2591 es
568 2535 651 2606 nobis
670 2533 803 2604 teipsum,
823 2537 852 2587 et
915 2575 943 2608 ‚L
956 2575 1015 2608 aa.

101 2626 160 2672 non
187 2616 313 2671 mundo?
349 2615 507 2686 Respondit
532 2615 628 2683 Iesus,
656 2618 686 2669 et
714 2613 786 2668 dixit
810 2612 850 2667 ei:
870 2596 1016 2705 2323ssss

937 2708 996 2749 raro.

155 2793 181 2830 11
198 2785 231 2837 (o
244 2791 286 2829 aa.
299 2748 319 2829 ὴ.
329 2784 355 2828 12
367 2784 488 2839 Alioqun)
914 2752 1014 2839 litu.

156 2855 183 2892 13
199 2869 222 2881 -
236 2849 331 2903 ponam

156 2918 183 2955 16
196 2910 316 2965 paraelet·
326 2915 360 2965 ,α
373 2916 412 2959 aa·
426 2915 497 2962 15,26,·
510 2915 562 2961 rar.

156 2981 182 3016 17
196 2971 348 3027 oognoooltis

156 3042 183 3079 18
197 3036 295 3079 orfanos

156 3097 311 3143 retornetis
336 3098 340 3153 1
366 3101 389 3149 >
404 3096 476 3142 nobie
491 3096 574 3141 munit.
589 3106 616 3139 or

466 3174 560 3223 277*
