2275 3434
342 185 394 239 AD
420 184 606 241 ROMANOS.
750 188 891 255 lat-32.

82 345 208 414 gloriam
236 346 458 415 incorruptibilis
486 346 540 401 Dei
568 348 597 401 in
624 346 838 401 similitudinem

83 425 222 495 imaginis
237 426 428 495 corruptibilis
443 426 574 495 hominis,
594 430 623 482 et
637 428 792 494 volucrum,
809 431 838 482 et

83 505 315 575 quadrupedum,
331 509 360 560 et
374 507 559 575 serpentium.
625 508 748 577 Propter
761 507 838 577 quod
856 512 892 563 24
902 527 938 562 ru
950 532 1007 571 upa.

82 585 208 641 tradidit
227 586 290 641 illos
309 586 387 641 Deus
407 586 436 641 in
456 586 598 641 desideria
618 587 712 643 cordis
731 604 837 655 eorum,

82 667 113 720 in
133 665 359 721 immunditiam:
380 670 413 720 ut
432 667 618 734 contumeliis.
631 668 759 723 afficiant
778 685 837 723 cor-

82 764 158 815 pora
183 763 238 801 sua
263 746 291 800 in
311 746 487 815 semetipsis:
514 748 563 816 qui
589 752 838 804 commutaverunt
856 752 938 811 25⁹,u

82 827 241 881 veritatem
265 826 318 880 Dei
346 826 375 880 in
401 827 596 882 mendacium:
625 832 655 883 et
681 830 837 896 coluerunt,

83 911 114 961 et
134 906 299 961 servierunt
318 911 466 961 creaturae
485 908 583 977 potius
598 911 684 978 quam
699 908 837 976 Creatori,

60 987 133 1057 aqui
157 991 203 1041 est
227 986 397 1041 benedictus
420 987 450 1041 in
469 989 593 1042 saecula.
620 990 719 1043 Amen.
769 989 837 1044 Pro
855 994 890 1045 26

84 1071 188 1137 pterea
202 1067 321 1121 tradidit
337 1068 400 1122 illos
416 1068 494 1123 Deus
508 1068 538 1123 in
552 1069 704 1137 passiones
719 1069 837 1138 ignomi-

83 1148 159 1202 niae.
191 1148 265 1201 Nam
285 1148 408 1203 feminae
428 1164 526 1203 eorum
545 1150 769 1204 immutaverunt
786 1166 837 1203 na·

83 1229 209 1283 turalem
228 1229 359 1283 usumin
379 1246 443 1283 eum
467 1246 564 1297 usum,
591 1231 640 1299 qui
666 1234 712 1285 est
737 1235 838 1285 contra

82 1312 228 1363 naturam.
266 1307 403 1363 Similiter
422 1312 519 1363 autem
538 1313 567 1364 et
586 1311 719 1378 masculi,
738 1311 836 1366 relicto
856 1317 890 1366 27
902 1332 1059 1373 caranum.

83 1388 211 1443 naturali
230 1405 284 1442 usu
305 1389 436 1455 feminae,
456 1395 625 1445 exarsenmt
643 1391 672 1444 in
687 1391 836 1446 desideriis
901 1376 940 1409 ’Κ
951 1378 987 1417 ⁸⁸⁹·

84 1469 145 1523 suis
166 1468 197 1523 in
216 1468 353 1535 invicem,
378 1471 499 1524 masculi
523 1471 552 1525 in
578 1472 722 1527 masculos
748 1472 836 1541 turpi-

83 1548 216 1603 tudinem
235 1553 397 1617 operanteS,
417 1554 447 1604 et
464 1551 633 1618 mercedem,
653 1569 738 1621 quam
755 1569 836 1621 opor·
900 1581 957 1622 rau.
973 1582 989 1613 1.
1001 1583 1058 1621 ran.

83 1630 149 1697 tuit,
170 1628 274 1683 erroris
293 1629 338 1683 sui
357 1629 386 1683 in
405 1630 568 1699 semetipsis
588 1632 766 1701 recipientes.
800 1631 836 1687 Et
855 1628 909 1701 283
921 1626 939 1702 ξ
951 1627 1051 1711 ξξξξ3,“’”·

85 1712 160 1763 sicut
174 1725 233 1763 non
247 1708 441 1777 probaverunt
451 1710 543 1765 Deum
558 1711 663 1766 habere
676 1712 704 1766 in
719 1713 834 1767 notitia:
899 1714 1037 1792 {Attila

86 1789 206 1845 tradidit
229 1789 293 1843 illos
316 1789 394 1844 Dens
420 1791 449 1844 in
469 1791 622 1859 reprobum
646 1809 777 1847 sensum:
804 1797 836 1847 ut
900 1781 1006 1855 rra'o„

86 1870 195 1923 iaciant
220 1885 271 1934 ea,
298 1884 371 1937 quae
396 1887 453 1925 non
480 1870 668 1938 conveniunt,
690 1874 835 1942 'repletos
855 1849 1011 1927 werre-r.

90 1950 161 2003 omni
180 1949 343 2019 iniquitate,
357 1950 475 2017 malitia,
490 1950 688 2020 fornicatione,
704 1953 835 2019 avaritia,

92 2030 222 2097 nequitia,
233 2030 333 2097 plenos
344 2030 459 2096 invidia,
470 2030 631 2099 homicidio,
645 2033 835 2100 contentione,

90 2107 159 2175 dolo,
172 2109 362 2178 malignitate,
377 2127 555 2178 susurrones,
566 2110 763 2179 'detractores
774 2113 835 2168 Deo
854 2116 890 2167 30

87 2189 218 2257 odibiles,
238 2191 473 2258 contumeliosos
493 2193 649 2260 superbos,
668 2194 775 2260 elatoS,
794 2194 835 2248 in-

86 2274 218 2325 ventores
238 2271 385 2337 malorum,
404 2272 573 2339 parentibus
587 2289 644 2326 non
659 2272 834 2342 obedientes

88 2350 279 2420 'insipientes
291 2350 504 2419 incompositos
517 2352 579 2405 sine
595 2352 755 2421 affectione,
770 2356 834 2409 abs·
854 2357 887 2408 31

86 2447 139 2500 que
172 2430 303 2497 foedere,
337 2432 398 2485 sine
430 2432 633 2487 misericordia.
683 2434 738 2503 Qui
770 2452 834 2489 cum
854 2438 1006 2501 aarum.

86 2511 226 2565 iustitiam
245 2511 299 2564 Dei
318 2512 534 2580 cognovissent,
558 2530 616 2567 non
634 2514 835 2570 intellexerunt

86 2591 220 2660 quoniam
240 2590 288 2660 qui
308 2592 378 2645 talia
402 2597 504 2661 agunt,
530 2593 609 2663 digni
634 2599 702 2649 sunt
727 2599 833 2650 morte:

87 2676 114 2726 et
132 2687 191 2726 non
210 2672 302 2726 solum
322 2672 370 2740 qui
390 2689 424 2726 ea
443 2673 568 2741 faciunt,
595 2674 647 2729 sed
673 2675 759 2730 etiam
785 2677 834 2745 qui

87 2752 269 2807 consentiunt
289 2750 470 2807 facientibus.

136 2906 320 2959 reserpentem
338 2906 363 2945 Β
431 2909 457 2949 '25
474 2906 601 2949 mendacio
633 2909 636 2957 Ι
670 2929 693 2940 -
709 2909 784 2952 Amen
801 2909 834 2949 ,1¹

88 2974 111 3009 27
126 2969 158 3016 l-
170 2972 196 3010 ot
209 2979 280 3011 merc.
337 2967 419 3021 recip.)
439 2968 441 3021 l
460 2969 604 3021 semetipsos
618 2971 644 3008 F
681 2977 708 3013 28
722 2971 834 3015 notitiam

89 3029 165 3083 ᾔΑΙνἸ
179 3032 266 3081 oosFl
280 3051 303 3062 -
316 3040 343 3072 oa
356 3030 420 3082 [mll
433 3034 436 3082 Ι
456 3030 571 3075 convenit
581 3032 603 3069 Α
630 3038 656 3073 29
664 3032 801 3076 homicidiis
812 3035 837 3074 F

89 3091 378 3145 :tr-loedsinewwl
404 3094 505 3136 32-et
518 3093 653 3147 1⁰l-qui
666 3093 693 3137 3⁰
704 3094 731 3136 4⁰
744 3093 822 3147 &1111

90 3154 187 3208 illaad
210 3156 213 3205 Ι
239 3156 335 3204 etism]
352 3156 376 3198 et
457 3174 461 3181 ·

448 3234 489 3279 393
