2275 3434
273 149 393 207 AGTVS
412 148 694 231 APOSTOLORVM.
724 147 913 223 ram-„ann

108 330 198 383 prora
218 311 332 385 quidem
350 312 409 369 fixa
424 312 560 367 manebat
574 310 736 378 immobilis,
754 311 860 382 puppis

108 410 179 448 vero
199 392 365 447 solvebatur
390 410 408 447 a
426 392 455 446 vi
473 392 569 447 maris
625 391 745 446 Militum
764 394 861 446 autem
878 395 914 445 42

109 473 262 529 consilium
290 472 345 527 fuit
373 477 406 527 ut
433 472 581 527 custodias
608 471 784 527 occiderent:
813 488 861 525 ne·

110 554 252 625 quiscum
266 557 421 621 enatasset,
436 553 584 622 effugeret,
614 552 748 608 Centurio
765 557 861 607 autem
879 556 914 605 43
924 570 942 605 a.

109 635 211 689 volens
236 649 352 687 servare
371 633 507 700 Paulum,
531 633 678 702 prohibuit
700 633 775 687 fieri:
804 633 861 687 ius·

110 715 207 785 sitque
228 730 294 781 eos,
319 714 367 783 qui
390 717 510 783 possent
532 718 648 783 natare,
673 714 803 769 emittere
830 730 861 767 se

110 795 236 864 primoS,
256 797 285 848 et
304 793 440 862 evadere,
466 797 495 849 et
521 794 557 848 ad
583 796 689 849 terram
714 794 806 849 exire:
832 797 862 849 et
879 798 994 849 4422-25.

110 878 224 930 ceteros
254 874 323 928 alios
356 874 385 927 in
412 874 519 929 tabulis
548 874 692 929 serebant:
721 874 862 945 quosdam

110 971 199 1024 super
219 970 262 1021 ea,
281 972 355 1023 quae
375 954 410 1009 de
429 956 495 1011 navi
514 958 605 1011 erant.
635 955 673 1009 Et
691 956 733 1009 sic
752 955 861 1011 factum

110 1039 171 1103 est,
197 1038 230 1089 ut
254 1050 353 1089 omnes
372 1035 483 1090 animae
503 1035 658 1091 evaderent
683 1034 721 1089 ad
746 1039 860 1090 terram.

59 1213 100 1263 ⁴69)
184 1195 221 1251 Et
231 1213 296 1250 cum
306 1196 507 1265 evasissemus
520 1201 589 1252 tuno
599 1196 784 1266 cognovimus
794 1196 862 1265 quia
871 1187 915 1260 28

110 1277 209 1331 Melita
233 1277 327 1331 insula
351 1277 516 1333 vocabatur.
554 1278 674 1333 Barbari
692 1294 760 1332 vero
778 1280 896 1346 prae-2
924 1293 972 1333 ua.

110 1358 232 1412 stabant
265 1374 321 1412 non
354 1357 495 1412 modicam
516 1358 735 1416 ,humanitatem
768 1356 860 1412 nohis,
924 1336 1035 1379 'mm'

109 1439 242 1493 Accensa
270 1438 345 1492 enim
372 1456 459 1507 pyra,
487 1439 654 1494 reficiebant
681 1454 734 1493 nos
762 1454 861 1493 omnes

110 1521 230 1588 propter
239 1518 368 1585 imbrem,
378 1520 427 1588 qui
437 1520 612 1587 imminebat,
623 1523 652 1573 et
663 1520 763 1589 frigus
776 1518 861 1573 'Cum
878 1526 897 1575 3

111 1603 319 1669 congregasset
345 1604 440 1654 autem
459 1600 565 1654 Paulus
584 1604 794 1655 sarmentorum
813 1598 861 1652 ali-

111 1683 251 1749 quantam
270 1680 496 1748 multitudinem,
519 1685 548 1735 et
571 1681 756 1750 imposuisset
775 1696 862 1749 super

112 1761 222 1829 ignem,
247 1760 383 1828 viperae
403 1762 495 1815 calore
515 1779 580 1815 cum
598 1762 801 1830 processisset,
820 1760 861 1813 in·

112 1840 189 1895 vasit
207 1856 324 1893 manum
344 1841 413 1894 eius
446 1841 485 1895 Ut
503 1858 571 1896 vero
589 1841 723 1895 viderunt
741 1840 861 1895 Barbari
879 1848 897 1897 4

114 1920 286 1989 pendentem
305 1920 429 1974 bestiam
444 1920 479 1975 de
493 1938 580 1975 manu
595 1921 665 1987 eius,
685 1919 721 1975 ad
740 1920 861 1974 invicem

119 1999 261 2055 dicebant:
286 2000 391 2069 Utique
409 2000 553 2055 homicida
572 2004 617 2056 est
636 2002 719 2056 homo
738 2001 794 2067 hic,
812 2000 861 2069 qui

120 2096 178 2134 cum
202 2080 328 2136 evaserit
355 2081 389 2135 de
413 2082 498 2149 mari,
524 2081 595 2135 ultio
620 2098 677 2135 non
703 2081 772 2134 sinit
797 2097 862 2135 eum

117 2160 217 2215 vivere.
255 2161 292 2216 Et
310 2162 356 2216 ille
376 2161 491 2231 quidem
516 2162 665 2215 excutiens
689 2161 814 2216 bestiam
833 2161 897 2220 ino
925 2164 1026 2243 {⁰¹3ng

114 2240 218 2309 ignem,
237 2241 307 2295 nihil
325 2242 392 2297 mali
405 2258 511 2311 passus
526 2245 580 2296 esi.
611 2242 703 2297 Atilii
717 2241 861 2296 existima·
881 2251 898 2302 6
926 2230 984 2313 aps.
1005 2230 1011 2242 ’

113 2322 185 2377 bant
196 2339 261 2377 eum
276 2322 305 2375 iu
320 2326 460 2377 tumorem
475 2322 707 2389 convertendum,
722 2325 751 2376 et
765 2322 861 2377 subito

114 2419 257 2469 casurum,
277 2407 306 2458 et
320 2404 399 2457 mori.
427 2403 484 2457 Diu
500 2406 596 2459 autem
615 2403 670 2458 illis
685 2402 862 2472 expectanti·
929 2457 932 2460 .

112 2483 177 2551 bus,
188 2487 218 2537 et
229 2482 393 2538 videntibus
406 2484 475 2538 nihil
489 2484 555 2538 mali
570 2484 599 2537 in
614 2500 647 2539 eo
661 2484 730 2552 fieri,
746 2499 862 2537 conver·

113 2566 209 2619 tentes
226 2580 266 2631 se,
281 2563 416 2620 dicebant
430 2582 495 2619 eum
510 2581 575 2619 esse
585 2565 685 2619 Deum.
746 2564 778 2618 In
792 2564 862 2619 locis
881 2572 897 2622 7

115 2646 212 2698 autem
241 2644 296 2698 iliis
324 2649 406 2699 erant
433 2645 552 2715 praedia
580 2646 717 2717 principis
743 2645 862 2711 insulae,

114 2756 328 2763 w-m-

167 2820 194 2857 43
208 2814 304 2858 mittere
330 2815 333 2868 Ι
359 2815 421 2869 &se
436 2816 460 2858 in
476 2826 542 2859 maro
556 2816 626 2869 pn'm.

169 2884 194 2920 44
208 2880 292 2921 essent

170 2940 350 2993 28,1militene

169 3008 181 3045 2
196 3000 230 3053 (d
244 3008 284 3045 inc.
298 3019 316 3046 o.
331 3004 448 3055 Accensa)

168 3072 181 3109 4
196 3069 219 3117 >
235 3076 289 3110 oum
303 3076 352 3109 non
367 3064 427 3110 sinit

169 3135 182 3171 o
196 3128 350 3183 sperantibus

476 3209 518 3261 387
