2275 3434
239 135 404 202 :llas-50.
460 132 659 189 SECVNDVM
684 132 859 189 IOANNEM.

136 298 280 357 urrisasstl
299 293 345 348 hic
371 310 427 349 non
453 295 631 350 moreretur?
668 294 748 349 lesus
772 311 841 364 crgo
859 310 964 349 nusum
979 290 1032 345 irc·

299 390 380 429 mens
405 374 434 428 in
460 376 617 444 semetipso
626 394 639 442 ,·
658 376 737 430 venit
762 375 799 430 ad
824 376 1032 430 monumentum.

300 458 362 510 crat
390 459 486 509 autem
514 456 665 525 spelunca:
693 459 722 511 et
747 456 822 524 lapis
847 452 1032 525 superpositus

187 539 280 598 ro,1.39
300 539 362 596 crat
381 535 415 589 ai.
431 536 436 574 ¹
452 535 500 590 Ait
519 536 614 590 Iesus:
634 536 736 590 Tollite
755 535 888 605 lapidem.
923 534 993 589 Dicit
1007 531 1032 585 oi

298 614 411 670 Martha
436 632 517 671 soror
535 616 612 684 eiua,
638 617 687 685 qui
705 620 838 675 mortuus
855 616 960 671 fuerat:
984 612 1033 667 Do

114 746 119 754 .
192 732 194 735 -
298 696 390 762 mine,
422 696 480 750 iarn
512 697 618 764 foetet,
650 697 860 766 quatriduanus
889 700 935 752 est
959 693 1034 749 enim.

126 782 280 832 amasam
298 776 376 831 Dicit
401 776 426 831 ei
451 776 546 831 lesus:
572 777 673 836 Nonne
699 777 756 832 dixi
781 777 835 831 tibi
861 776 991 846 quoniam
1012 773 1036 827 si

98 876 210 921 imma
219 884 234 910 ι.
244 861 277 913 41
299 856 467 924 crediderim
499 856 611 912 videbis
642 858 762 926 gloriam
789 858 866 912 Dei?
910 857 1038 912 Tulemut

299 953 366 1006 ergo
392 936 530 1006 lapidem:
560 936 640 992 Iesus
666 943 762 994 autem
788 938 908 993 elevatis
933 952 1037 991 sursum

299 1017 401 1085 oculiS,
421 1017 506 1079 dixit:
532 1018 620 1073 Pater
637 1019 747 1088 gratias
766 1036 821 1088 ago
839 1018 893 1073 tihi
913 1016 1038 1088 quoniam

176 1103 279 1161 444442
299 1097 405 1153 audisti
423 1114 476 1153 me.
512 1114 565 1168 ego
586 1103 682 1154 autem
701 1099 828 1154 sciebam
846 1099 916 1169 quia
934 1112 1039 1166 semper

298 1194 344 1233 me
357 1178 449 1245 audis,
462 1178 514 1233 sad
523 1182 641 1248 propter
650 1180 796 1248 populum,
811 1179 860 1248 qui
870 1179 1039 1242 circumstat,

127 1264 279 1321 set14,1o.43
298 1257 371 1312 dixi:
386 1261 418 1313 ut
433 1258 552 1313 credant
565 1260 634 1328 quia
646 1263 680 1314 tu
693 1276 739 1313 me
753 1259 865 1315 misisti.
886 1258 968 1316 Haec
982 1275 1039 1313 cum

201 1389 204 1395 .
298 1337 432 1406 dixisset,
455 1356 526 1394 voce
549 1356 655 1409 magna
678 1335 826 1395 clamavit:
853 1340 965 1399 Lazarc
981 1338 1039 1393 veni

243 1424 279 1475 44
298 1418 384 1474 foras.
421 1420 459 1474 Et
484 1419 583 1479 statim
601 1419 707 1489 prodiit
725 1420 774 1490 qui
793 1420 889 1477 fuerat
907 1425 1041 1484 mortuus,

298 1499 403 1568 ligatus
417 1499 515 1569 pedes,
532 1502 563 1553 et
576 1516 679 1555 manus
693 1500 809 1566 institis,
824 1504 854 1555 et
867 1500 961 1555 facias
973 1500 1041 1555 illius

298 1578 413 1635 sudario
437 1584 499 1635 erat
521 1580 619 1649 ligata.
657 1579 736 1638 Dixit
755 1580 796 1635 cia
815 1581 911 1638 lesus:
939 1580 1042 1636 Solvite

136 1642 233 1732 *itti
243 1664 278 1715 45
298 1673 376 1727 eum,
402 1665 431 1715 et
456 1660 541 1715 sinae
560 1660 646 1719 abne.
683 1660 764 1717 uuiti
783 1676 850 1730 ergo
869 1676 906 1717 ex
924 1659 1042 1726 musea

98 1752 159 1794 mur
175 1751 234 1794 122⁰·
298 1740 347 1809 qui
374 1744 512 1795 venerant
542 1739 578 1794 ad
605 1740 738 1808 Mariam,
771 1743 800 1798 et
826 1741 1000 1809 Martham„
1018 1747 1043 1795 et

198 1866 202 1876 .
244 1879 245 1883 ,
267 1844 270 1851 ·
297 1819 428 1875 viderant
448 1836 521 1888 quac
541 1820 610 1876 fecit
624 1821 713 1888 lesus,
733 1820 914 1878 credidenmt
929 1822 958 1876 in
974 1838 1042 1877 cum.

242 1905 278 1955 46
295 1898 420 1969 ,Quidam
446 1904 543 1955 autam
569 1917 605 1955 ax
630 1902 702 1971 ipsis
728 1901 923 1959 abieruntad
948 1902 1043 1959 Phari-

242 1985 277 2035 47
297 1996 390 2049 saeos,
410 1983 439 2036 et
454 1979 588 2041 dixerunt
602 1981 644 2037 eis
658 1998 733 2051 quac
747 1981 816 2037 iecit
829 1981 917 2039 Iesus.
985 1983 1043 2039 Col·

181 2092 184 2097 ,
222 2090 225 2097 ,
297 2061 427 2130 legerunt
445 2078 519 2131 ¹orgo
544 2061 699 2121 Pontifices
724 2066 754 2116 et
779 2062 926 2117 Pharisaei
953 2064 1043 2119 couci·

296 2140 380 2208 lium,
409 2143 438 2195 et
463 2140 612 2197 dicabant:
641 2142 715 2212 Quid
740 2142 877 2210 tacimus,
906 2143 976 2212 quia
1000 2144 1043 2198 hic

241 2225 278 2275 48
297 2220 381 2277 homo
418 2222 508 2276 multa
544 2222 629 2292 signa
666 2222 756 2278 iacit?
807 2222 839 2277 Si
875 2222 1043 2279 dimittimus

297 2314 362 2364 eum
388 2301 445 2369 sic,
470 2318 568 2362 omnes
592 2303 710 2362 credant
720 2302 756 2357 in
775 2320 854 2361 eum:
881 2306 911 2358 ct
929 2304 1043 2359 veniunt

296 2381 424 2449 Romani,
445 2384 474 2436 ct
492 2383 594 2437 tollent
610 2386 741 2442 nostrum
756 2384 858 2450 locum,
875 2386 907 2438 ct
918 2387 1041 2453 gentem.

143 2485 145 2490 ·
241 2466 278 2516 49
297 2460 377 2515 Unus
397 2466 500 2517 ‘autem
525 2479 560 2517 ex
585 2463 656 2532 ipsis
676 2462 801 2533 Caiphas
825 2464 954 2531 nominc,
980 2482 1041 2519 cum

291 2545 376 2603 ¹essct
401 2542 542 2603 ,Pontifex
575 2543 642 2597 anni
674 2544 763 2611 illius,
796 2543 867 2602 dixit
895 2544 953 2598 cis:
986 2545 1041 2602 Vos

174 2624 279 2684 rumbo
296 2622 414 2677 nescitis
447 2622 618 2693 quidquam,
659 2640 712 2682 nec
740 2622 873 2693 cogitatis
901 2624 971 2693 quia'
996 2641 1042 2681 ex-

296 2701 377 2771 pedit
413 2703 495 2758 vobis
532 2706 565 2758 ut
598 2720 672 2758 unus
705 2704 844 2759 moriatur
875 2704 960 2759 homo
990 2722 1040 2774 pro

349 2861 375 2897 39
390 2854 570 2908 quadriduanus
595 2856 599 2909 Ι
626 2860 649 2907 >
664 2857 729 2901 anim
743 2858 782 2900 cst

349 2922 375 2959 44
389 2915 449 2959 dicit
473 2916 478 2971 Ι
504 2916 659 2969 >cisimus

350 2982 414 3021 45-
430 2978 588 3025 otllartham
613 2980 617 3035 Ι
643 3001 666 3014 -
681 2981 750 3026 Iasus

349 3046 375 3083 la
389 3042 500 3086 nostrum
514 3043 539 3086 ot
552 3042 568 3087 l.
681 3054 684 3058 ’

349 3107 375 3145 49
389 3102 504 3157 cataphas
519 3114 573 3147 cum
654 3106 763 3150 danobis
815 3125 819 3131 ’
