2275 3434
244 129 403 195 tzor-63.
482 126 682 185 SECVNDVM
707 129 841 184 LVCAM.

297 294 392 345 autem
409 290 498 356 lesus
518 291 572 345 ait:
592 290 684 345 Sinite
703 291 875 360 usquehuc.
904 290 966 345 *ut
983 279 1078 355 cumi}

201 390 229 421 cr.
241 372 275 423 52
296 370 441 441 tetigisset
460 370 617 425 auriculam
637 370 707 437 eiuS,
727 371 841 426 s'anavit
859 388 932 425 eum.
967 370 1079 455 Dixit}Q

296 453 393 505 autem
407 450 487 504 Iesus
507 449 543 504 ad
563 467 622 517 eos,
639 451 689 519 qui
703 454 842 505 venerant
858 450 952 517 adse,
973 451 1049 519 prin-

295 530 374 599 cipes
400 530 596 597 sacerdotum,
622 534 652 585 et
669 530 859 599 magistratus
878 532 997 599 templi,
1022 536 1047 583 et

295 610 437 665 seniores:
458 610 547 680 Quasi
566 609 604 665 ad
622 611 763 665 latronem
782 610 884 666 existis
903 628 972 665 cum
991 611 1045 680 gla-

93 711 168 751 Jmo,
183 712 230 753 sau.
241 694 275 744 53
295 690 365 756 diis,
393 694 423 745 et
450 690 597 745 fustibus?
640 690 713 745 Cum
741 689 870 760 quotidie
897 691 1047 745 vobiscum

133 756 230 797 ΜΨ·
295 771 398 826 fuerim
423 771 452 825 in
478 771 599 840 templa,
624 788 682 825 non
705 769 876 825 extendistis
895 788 1005 826 manus
1023 772 1048 824 iu

123 898 208 933 544²:
294 867 354 906 me:
381 850 433 905 sed
458 852 530 907 hacc
555 853 601 906 cst
627 851 698 906 hora
722 854 835 918 vestra,
861 855 891 906 et
913 854 1049 921 potestas

103 944 230 986 iuramus.
295 932 486 987 tenebrarum,

100 990 276 1074 niiifi'isroi
367 1011 651 1081 Comprehendentes
675 1015 772 1066 autem
796 1029 877 1078 eum,
903 1001 1075 1076 duxerunts

106 1079 229 1164 Jffiffl,
295 1092 332 1146 ad
342 1092 457 1147 domum
471 1092 608 1161 principis
623 1091 818 1147 sacerdotum:
838 1093 967 1147 *Petrus
982 1097 1074 1175 vero!1

126 1169 194 1201 Μ·
241 1172 470 1241 assequebatur
495 1174 628 1241 alonge.
665 1173 795 1227 Accenso
815 1177 913 1227 autern
930 1173 1003 1243 igne
1020 1172 1047 1225 in

294 1252 387 1307 medio
417 1252 497 1320 atrii,
526 1257 554 1307 et
583 1253 859 1307 circumsedentibus
883 1253 958 1321 illis,
988 1257 1048 1308 erat

241 1336 275 1388 56
294 1332 397 1388 Petrus
420 1333 449 1388 in
473 1333 566 1389 medio
586 1350 692 1388 eorum.
730 1333 822 1403 Quem
840 1350 905 1388 cum
923 1334 1047 1389 vidisset

295 1414 399 1469 ancilla
417 1414 560 1484 quaedam
579 1413 728 1468 sedentem
748 1413 786 1467 ad
803 1415 912 1481 lumen,
931 1418 965 1469 et
985 1430 1046 1468 eum

295 1493 399 1548 fuisset
424 1494 546 1561 intuita,
572 1493 659 1548 dixit:
684 1494 721 1548 Et
747 1494 793 1547 hic
818 1511 884 1549 cum
906 1495 957 1549 illo
978 1497 1046 1549 erat.

241 1578 275 1627 57
295 1572 355 1628 *At
380 1573 426 1629 ille
451 1574 568 1644 negavit
594 1590 675 1641 eum,
704 1574 818 1629 dicens:
846 1574 965 1641 Mulier,
993 1569 1069 1648 nonis·

240 1657 275 1708 58
294 1654 360 1708 novi
392 1655 478 1709 illum.
521 1654 559 1708 Et
587 1657 655 1723 post
681 1655 816 1724 pusillum
844 1654 916 1709 alius
945 1655 1044 1709 videns

295 1751 369 1801 eum,
388 1733 474 1789 dixit:
494 1733 531 1789 Et
549 1737 582 1789 tu
602 1733 637 1789 de
651 1734 707 1789 illis
722 1751 762 1788 es
790 1734 895 1789 Petrus
908 1752 981 1790 vero
996 1734 1039 1789 ait:

241 1820 275 1869 59
295 1814 319 1869 Ο
339 1814 433 1881 homo,
456 1831 511 1868 non
530 1832 602 1869 sum.
639 1815 677 1869 Et
695 1815 845 1870 intervallo
864 1815 943 1870 facto
966 1812 1043 1885 quasi

294 1895 381 1949 horae
400 1894 495 1961 unius,
514 1896 588 1949 alius
604 1895 722 1964 quidam
740 1895 913 1962 affirmabat,
933 1894 1043 1951 dicens:

295 1975 367 2029 Vere
391 1979 420 2030 et
442 1975 489 2029 hic
512 1992 578 2030 cum
596 1976 643 2030 illo
662 1980 739 2029 erat:
766 1993 832 2030 nam
852 1979 882 2030 et
901 1976 1044 2031 Galilaeus

241 2061 276 2111 60
295 2059 347 2110 est.
380 2056 417 2109 Et
436 2055 477 2109 ait
496 2056 611 2110 Petrus:
631 2056 732 2123 Homo,
751 2056 857 2123 nescio,
876 2054 947 2125 quid
967 2055 1045 2111 dicis.

294 2135 331 2189 Et
346 2135 480 2191 continuo
495 2135 589 2189 adhuc
603 2136 650 2190 illo
661 2136 795 2205 loquente
806 2136 934 2190 cantavit
944 2136 1045 2205 gallus

202 2239 229 2269 a.
241 2221 274 2273 61
297 2216 348 2269 'Et
358 2232 513 2271 conversus
523 2215 663 2270 Dominus
674 2216 801 2285 respexit
809 2216 936 2270 Petrmn.
955 2216 996 2270 Et
1006 2209 1073 2290 rest}i

295 2296 431 2352 cordatus
450 2299 495 2351 est
514 2296 618 2350 Petrus
636 2296 717 2349 verbi
731 2296 855 2364 Domini,
874 2297 950 2351 sicut
970 2295 1045 2350 dixe·

295 2380 355 2431 rat:
383 2376 456 2446 Quia
478 2377 558 2446 prius
583 2378 669 2446 quam
687 2378 780 2446 gallus
799 2381 912 2443 cantet,
939 2381 1045 2431 terme

121 2514 208 2551 M·
243 2464 277 2513 62
295 2456 424 2526 negabis.
475 2458 511 2512 Et
548 2473 684 2528 egressus
719 2458 797 2512 foras
830 2458 933 2512 Petrus
967 2456 1046 2511 flevit

104 2562 231 2639 illicem}
243 2544 276 2596 63
297 2554 400 2592 amara.
442 2538 479 2591 lli
493 2538 555 2605 viri,
571 2537 620 2606 qui
634 2538 771 2592 tenebant
786 2538 874 2605 illum,
888 2528 1069 2608 illudebant}¹

352 2825 376 2861 52
390 2824 420 2870 {in
436 2817 479 2858 -?

351 2896 377 2932 54
391 2888 412 2943 ᾗ
427 2900 477 2941 seq.
494 2900 546 2931 aum

352 2968 377 3003 55
391 2958 444 3014 igni
469 2960 472 3012 1
499 2958 562 3003 atrio

351 3040 375 3073 cr
391 3031 452 3074 dixit

351 3110 377 3143 63
390 3105 441 3144 ten.
457 3112 511 3143 eum

643 3180 684 3223 220
