2275 3434
277 94 397 149 ACTVS
413 93 702 173 ,Aposrouoavm
765 94 909 163 zuo-45.

108 270 160 309 V⁰S
193 252 312 323 Videtis,
344 259 374 310 et
406 254 519 311 auditis
563 254 628 310 Non
659 254 734 310 enim
762 256 855 311 David
875 261 1014 319 aranos.

107 334 239 390 ascendit
257 336 285 391 in
305 327 429 391 caelum:
449 334 522 390 dixit
540 338 637 390 autem
655 336 733 405 ipse:
920 323 1017 366 md*

143 433 224 488 Dixit
238 433 377 489 Dominus
391 433 513 489 Domino
531 450 605 502 meo,
624 434 692 489 sede
712 450 729 489 a
746 434 855 489 dextris

178 530 250 568 mers

143 594 234 650 donec
248 611 353 664 ponam
367 594 497 651 inimicos
507 598 574 651 tuos
584 595 739 650 scabellum
749 594 854 665 pedum
874 599 909 652 35

178 678 301 731 tuorum.

108 773 275 829 Certissime
289 774 364 829 sciat
378 791 445 845 ergo
460 774 551 831 omnis
566 774 668 830 domus
677 774 773 842 Israel,
788 774 856 845 quia
875 779 909 830 36
919 797 967 836 mr.

108 859 135 909 et
145 854 299 910 Dominum
315 871 387 923 eum,
403 858 432 910 et
442 854 587 913 Christum
599 854 669 910 fecit
678 856 766 922 Deua,
781 855 857 909 hunc

107 935 214 1003 lesum,
238 950 322 1005 quern
346 952 397 991 vos
422 936 612 991 crucifixistis.
684 935 737 991 His
759 940 856 991 autem
875 941 908 991 37
921 957 978 999 meo.

108 1015 223 1083 auditis,
243 1016 407 1085 compuncti
425 1019 493 1071 sunt
511 1016 605 1085 corde,
624 1020 654 1072 et
672 1015 805 1072 dixerum
819 1016 856 1071 ad

107 1097 233 1162 Petrum,
253 1099 281 1152 et
301 1095 337 1150 ad
356 1096 479 1168 reliquos
493 1096 659 1166 Apostolos:
680 1096 755 1166 Quid
768 1096 856 1152 facie·

85 1187 179 1244 umus,
193 1175 247 1231 viri
263 1175 386 1231 fratres?
410 1176 512 1232 Petrus
527 1192 595 1231 vero
610 1176 647 1231 ad
661 1176 736 1233 illos:
755 1177 856 1232 Poeni·
875 1182 1007 1240 ditari-m.

107 1256 856 1329 tentiarnlinquit)agite,etbaptizeturunusquisque
920 1244 1005 1286 ΜΨ·

107 1340 235 1392 vestrum
249 1336 279 1390 in
292 1336 405 1391 nomine
420 1338 485 1391 Iesu
495 1336 601 1392 Christi
616 1338 644 1392 in
659 1336 856 1393 remissionem

106 1421 290 1487 peccatorum
314 1420 488 1473 vestrorum:
519 1422 548 1473 et
574 1418 721 1487 accipietis
750 1417 856 1474 donum

108 1498 232 1568 Spiritus
260 1496 361 1553 sancti.
398 1497 485 1553 Vobis
505 1498 580 1553 enirn
600 1502 645 1554 est
662 1498 854 1568 repromissio,
874 1504 908 1555 39
918 1518 965 1554 rou
975 1522 1012 1563 m.

107 1583 135 1633 et
155 1578 222 1633 filiis
241 1576 361 1645 vestriS,
387 1581 416 1632 el
436 1578 582 1647 omnibuS,
608 1577 656 1649 qui
675 1579 759 1647 louge
778 1582 854 1646 sunt,
919 1566 1008 1607 ΜΨ·

107 1675 303 1729 quoscumque
318 1657 500 1714 advocaverit
509 1659 649 1715 Dominus
659 1659 738 1714 Deus
748 1663 854 1715 noster.

107 1739 175 1794 Aliis
195 1738 285 1794 etiam
303 1739 398 1795 verbis
417 1738 545 1809 plurimis
561 1740 736 1796 testificatus
753 1743 806 1808 est,
826 1742 856 1794 et
873 1746 909 1797 40
920 1762 1005 1803 orma.

107 1819 316 1875 exhortabatur
329 1835 387 1886 eos,
402 1818 514 1874 dicens:
534 1818 691 1875 Salvamini
706 1838 723 1875 a
737 1837 855 1890 genera·
918 1808 946 1841 ²¹¹
957 1808 1005 1849 '¹¹⁶'

86 1900 183 1955 ltione
210 1899 270 1954 ista
294 1916 392 1969 prava.
430 1899 484 1971 Qui
510 1915 578 1969 ergo
603 1903 773 1969 receperunt
797 1917 855 1956 ser·
873 1907 1020 1966 414,r;s,1r.
1122 1951 1124 1954 .

106 1996 219 2036 monem
235 1980 306 2047 eiua,
320 1979 461 2049 baptizati
476 1982 557 2035 sunt:
578 1983 608 2034 et
622 1980 772 2049 appositae
788 1985 855 2036 sunt

107 2060 134 2116 in
157 2060 204 2115 die
230 2060 280 2114 illa
298 2059 409 2115 animae
429 2060 541 2116 circiter
560 2060 616 2115 tria
635 2060 730 2115 millia.
766 2059 856 2128 Erant
873 2068 909 2118 42
920 2087 971 2128 rom
983 2086 1042 2128 arm.

108 2133 204 2196 autem
222 2143 442 2210 perseverantes
456 2141 485 2195 in
501 2138 631 2196 doctrina
644 2140 854 2209 Apostolorum,

107 2225 135 2276 et
154 2220 412 2295 communicatione
432 2220 581 2277 fractionis
597 2220 690 2290 panta,
709 2224 738 2275 et
752 2222 855 2275 oratio·

107 2301 199 2357 nibus,
273 2288 376 2355 Flebat
401 2305 497 2357 autem
523 2301 600 2357 omui
625 2300 736 2355 animae
755 2301 853 2355 timor:
873 2308 908 2359 43

107 2382 196 2437 multa
211 2397 325 2452 quoque
340 2379 480 2451 prodigia,
500 2385 529 2437 et
544 2383 627 2451 signa
640 2397 692 2451 per
701 2381 854 2450 Apostolos

108 2462 135 2517 in
149 2461 305 2517 Ierusalem
320 2460 437 2530 fiebant,
457 2467 485 2517 et
501 2464 596 2517 metus
612 2465 675 2517 erat
688 2477 811 2531 maguus
825 2460 855 2515 in

108 2541 257 2597 universis,
286 2540 392 2596 Omnes
410 2542 506 2611 etiam,
525 2542 574 2612 qui
589 2541 753 2609 credebant,
772 2544 854 2596 erant
872 2548 966 2609 Mra.

108 2622 222 2691 pariter,
237 2625 266 2678 et
280 2620 426 2678 habebant
438 2622 533 2677 omnia
545 2622 714 2678 communia.
735 2621 854 2678 Posses·
872 2622 914 2679 45²

159 2806 186 2845 34
199 2800 281 2845 caelos
306 2801 310 2855 Ι
336 2800 396 2865 dicit
410 2802 460 2845 aut.
586 2856 591 2865 ¹

159 2861 185 2951 ἕξ
200 2858 223 2941 Ξ
240 2865 299 2953 ἓξὲξ
297 2856 378 2952 mearat
402 2857 406 2908 l
433 2858 455 2906 >
472 2855 530 2899 deus
544 2855 604 2900 lecit

158 2968 185 3007 38
199 2965 222 3013 >
239 2962 320 3007 sancti
334 2962 393 3017 spir.

158 3022 184 3059 40
197 3015 317 3080 pluribus
367 3016 564 3081 ⁵41>illadie

159 3074 185 3113 43
200 3072 223 3123 >
238 3069 295 3114 fieb.
310 3081 335 3113 m
348 3069 437 3115 hierus.

466 3125 509 3195 ooo
