2275 3434
268 146 410 211 tlt-27.
507 145 706 200 seetunvtt
733 145 866 200 evcnit

101 323 137 360 ru
148 327 199 368 mn
211 327 258 368 rep.
324 312 353 360 et
372 307 489 362 intrarit
507 307 662 362 seeundum
678 306 918 362 consuetruliuem
936 329 1031 366 suum
1049 312 1081 364 di·

101 407 199 448 unum
211 408 258 447 up.
271 391 302 440 li
324 388 485 442 sabbatim
505 404 691 457 synagogam,
711 392 740 441 et
760 387 885 442 surrexit
902 389 1023 459 legere.
1061 393 1076 444 t',

323 467 446 522 traditus
466 472 510 522 est
530 469 568 521 iili
583 468 667 522 Liber
681 468 772 521 Isaiae
790 467 966 536 prophetae.
1009 473 1046 526 Et
1064 485 1082 524 r:

324 549 443 602 revolvit
453 549 563 614 librum,
574 548 681 602 invenit
691 549 783 602 locum
794 547 842 602 uhi
850 549 1006 618 scripturn
1016 566 1074 607 emt

120 649 148 682 m
159 651 199 690 em
212 651 258 691 up.
271 633 303 683 le
395 629 519 697 Spiritus
538 628 651 683 Domini
670 645 757 697 super
775 645 833 682 me:

359 713 477 777 propter
491 708 568 777 quod
582 709 663 763 unxit
678 725 731 774 me,
752 710 958 778 evangelizare
975 732 1083 784 paup·-

396 790 474 842 ribus

358 870 436 923 misit
454 887 509 935 me,
528 887 631 923 sunere
651 869 788 924 contritos
809 871 901 936 corde,

358 949 525 1018 praedicare
549 949 672 1019 captivis
692 951 903 1018 remissionem,
932 959 967 1008 et
988 975 1082 1010 cur—m

395 1032 495 1093 visum,

359 1110 501 1166 dimittere
521 1111 683 1166 confractos
703 1112 731 1164 in
752 1112 961 1174 remissionem,

158 1213 188 1246 m
200 1214 258 1254 erpo.
271 1195 303 1245 ltt
359 1192 524 1260 praedicare
539 1209 645 1245 annum
654 1191 766 1245 Domini
782 1195 942 1261 acceptum,
956 1201 991 1250 et
1009 1199 1080 1252 dien

148 1253 198 1317 Μ
210 1259 258 1298 ⁰⁵¹⁵·
394 1272 598 1326 retributionis,

269 1355 305 1404 ‘20
323 1353 437 1405 Etcum
457 1352 605 1420 plicuisset
624 1351 734 1418 librum,
750 1352 873 1406 reddidit
887 1354 1042 1416 ministro,
1059 1365 1078 1412 et

323 1431 406 1486 sedit.
440 1431 477 1484 Et
493 1431 616 1485 omnium
637 1432 665 1485 in
680 1448 828 1501 synagoga
844 1433 917 1487 oculi
933 1444 1027 1493 erant
1047 1443 1079 1494 iu-

172 1531 199 1565 rn
211 1534 258 1574 rm.
269 1515 301 1564 21
322 1511 474 1566 tendentes
485 1512 514 1564 in
524 1527 597 1564 eum.
622 1511 724 1581 Coepit
735 1517 831 1566 autem
842 1513 936 1568 dicere
948 1517 991 1570 ad
1005 1519 1078 1574 illos*

323 1593 396 1661 Quia
404 1591 488 1646 hodie
498 1592 616 1660 implete
626 1596 671 1646 est
681 1593 752 1646 haec
762 1593 904 1662 scripturo
914 1594 944 1648 in
956 1601 1077 1654 auribu-

185 1692 257 1735 ωε.
268 1676 304 1726 22
322 1672 435 1726 vestris
468 1671 505 1726 Et
519 1688 618 1726 omnes
633 1672 828 1727 testimonium
844 1674 884 1727 illi
899 1673 1033 1734 dabant:
1057 1689 1076 1732 et

183 1739 199 1770 Ε
210 1741 257 1780 ⁴³⁹·
322 1752 501 1806 mirabantur
512 1752 540 1805 in
550 1753 645 1806 verbis
660 1754 780 1822 gratiae,
791 1771 864 1822 quae
877 1757 1075 1823 procedebam

323 1832 358 1885 de
373 1849 421 1886 ore
436 1833 535 1901 ipsine,
551 1836 580 1886 et
596 1832 741 1888 dicebant:
761 1834 861 1888 Nonne
876 1834 922 1888 hic
937 1841 986 1891 est
1004 1843 1077 1894 filiu„

171 1935 198 1968 in
210 1937 257 1977 rra.
268 1918 302 1967 ‘23
322 1913 445 1980 Ioseph?
473 1913 509 1967 Et
526 1914 567 1967 eit
585 1913 654 1966 illis:
677 1913 781 1983 Utique
797 1914 897 1968 dicetis
912 1915 984 1970 mihi
1004 1920 1077 1975 hum

323 1992 550 2047 similitudinem:
579 1994 686 2047 Medice
711 2011 778 2048 cura
797 1994 937 2063 teipsum:
964 2009 1076 2066 quantu

323 2072 484 2126 audivimus
509 2074 589 2128 facta
615 2074 643 2127 in
664 2074 879 2143 Caphernaum,
908 2073 955 2128 fac
980 2083 1014 2135 et
1037 2083 1076 2135 hir

185 2153 542 2221 rr,u.t>tinpat1‘ietrra.
580 2155 628 2208 Ait
649 2158 760 2208 autem:
788 2156 876 2209 Amen
897 2155 960 2210 dico
982 2163 1088 2216 vobis³

323 2233 390 2302 quie
415 2250 498 2289 nemo
524 2236 666 2304 propheta
693 2240 828 2305 acceptus
855 2239 900 2290 est
925 2236 953 2289 in
979 2244 1076 2307 petrin

126 2319 303 2378 ingruemssr'r
322 2331 383 2367 sua.
420 2315 451 2368 In
477 2317 599 2371 veritate
627 2315 689 2369 dico
714 2317 810 2381 vulsie,
837 2317 945 2370 multae
968 2319 1092 2382 viduurj·

155 2384 257 2467 ¹⁸j¹g5‚12,
323 2398 404 2449 eraut
424 2397 451 2448 iu
471 2396 572 2450 diebus
593 2397 670 2449 Eliae
691 2397 717 2449 in
738 2397 837 2462 israel,
862 2397 977 2465 quando
997 2401 1075 2455 clau-

322 2492 385 2528 surn
400 2481 443 2530 est
460 2478 568 2530 caelum
586 2476 667 2528 annis
683 2477 783 2542 tribus,
802 2481 831 2530 et
844 2477 992 2532 mensibus
1008 2497 1074 2536 sex:

323 2572 386 2609 curn
407 2558 484 2610 sacta
504 2559 582 2609 esset
603 2555 694 2609 sames
713 2574 818 2624 magna
838 2557 865 2610 in
886 2558 962 2611 omni
976 2563 1073 2620 terre:

268 2641 302 2690 26
323 2641 351 2690 et
378 2638 414 2691 ed
440 2637 545 2690 nullam
572 2636 681 2690 ill-nrum
707 2637 812 2690 missus
833 2641 878 2691 est
897 2638 990 2705 Elias,
1015 2644 1071 2695 nisi

322 2719 350 2771 in
379 2718 503 2784 Sarepta
529 2715 679 2784 Sidoniae,
710 2718 746 2770 ud
773 2718 919 2772 mulierem
946 2719 1069 2776 viduam.

148 2802 301 2861 regerem
322 2798 358 2850 Et
384 2797 465 2850 multi
492 2797 597 2865 leprosi
624 2803 704 2852 erent
731 2799 759 2851 in
779 2799 865 2852 isreel
885 2799 937 2852 sub
958 2799 1068 2856 Elisaeo

322 2877 476 2946 propheta:
504 2881 532 2931 et
557 2895 640 2933 nemo
661 2896 757 2933 eorum
777 2879 931 2934 mundatus
952 2885 996 2934 est
1014 2884 1067 2935 nisi

375 3019 400 3054 17
411 3016 433 3062 >
445 2983 529 3065 proph.
540 3012 623 3055 esaiae
658 3013 712 3066 1Θῇ
725 3013 882 3066 pauperibus,
898 3012 964 3056 misit
974 3024 1009 3056 me
1019 3027 1038 3056 s.
1052 3018 1056 3068 t

323 3086 346 3096 -
367 3076 419 3108 sen.
435 3068 512 3109 contr.
528 3065 600 3108 corde
630 3067 633 3118 Ι
659 3064 692 3115 (o
705 3071 746 3108 inc.
764 3083 783 3108 v.
797 3073 823 3108 19
839 3065 979 3118 praedicere
993 3072 1065 3120 eapti

323 3125 349 3161 22
364 3123 386 3168 >
402 3118 467 3161 itlius
482 3119 521 3162 est
557 3124 583 3160 25
598 3120 682 3166 esset]
698 3121 744 3162 est.
772 3125 798 3161 ee
812 3119 926 3172 sareptha
942 3121 976 3171 (cf.
986 3137 1009 3172 p.
1018 3121 1064 3169 153)

668 3196 708 3240 152
