2275 3434
220 184 379 249 thau-39.
425 182 545 237 ACTVS
568 181 851 237 APOSTOLORVM.

220 346 255 396 30
274 344 339 397 me?
376 343 412 397 Et
438 343 585 397 Cornelius
612 342 666 396 ait:
693 344 716 397 A
740 342 951 412 nudiusquarta
976 342 1053 398 dieat

273 440 364 492 usque
384 422 420 477 ad
439 423 514 477 hano
533 423 642 490 horam,
661 440 747 478 orans
765 440 843 477 eram
862 422 933 477 hora
947 439 1025 477 nona

273 502 301 557 in
328 503 411 558 domo
435 520 514 571 mea,
541 506 572 557 et
595 520 661 557 ecee
680 503 724 557 vir
742 503 824 559 stetit
842 505 911 557 aute
929 519 976 556 me
995 502 1024 556 in

220 587 252 637 31
273 588 354 638 veste
373 582 511 650 eandida,
527 585 574 637 ¹et
594 584 648 638 ait:
675 583 803 651 Corneli,
822 583 961 638 exaudita
979 586 1024 637 est

274 664 365 718 oratio
391 668 456 731 tua,
482 667 512 719 et
538 665 734 732 eleemosynae
759 666 827 718 tuae
853 680 1023 719 commemo·

219 749 254 801 32
274 747 354 799 ratae
380 747 448 798 sunt
472 744 502 798 in
529 747 684 813 conspectu
703 743 764 798 Dei.
802 744 882 799 Mitte
907 760 976 813 ergo
995 744 1023 797 iu

273 825 389 893 Ioppen,
407 828 436 878 et
451 824 558 879 accersi
574 823 727 891 Simonem,
744 824 792 893 qui
807 824 1024 892 cognominatur

273 906 390 960 Petrus:
417 904 463 959 hie
489 904 652 973 hospitatur
675 904 705 957 in
730 904 814 959 domo
833 904 960 959 Simonis
979 921 1024 959 eo·

220 990 254 1041 33
274 986 350 1039 riarii
378 985 459 1040 iuxta
487 1000 573 1038 mare.
611 983 771 1039 Confestim
799 1002 867 1055 ergo
894 984 962 1039 misi
988 984 1023 1038 ad

273 1070 316 1120 te:
344 1070 373 1120 et
398 1070 430 1120 tu
456 1066 529 1119 hene
554 1064 649 1119 iecisti
668 1065 815 1121 veniendo.
853 1065 938 1119 Nunc
956 1082 1023 1133 ergo

274 1162 372 1201 omnes
397 1164 450 1201 nos
474 1146 502 1200 in
522 1148 679 1214 conspeetu
698 1150 748 1200 tuo
768 1146 905 1201 adsumus
926 1145 1023 1199 audire

274 1226 370 1280 omnia
402 1242 599 1295 quaecumque
633 1225 685 1280 tibi
717 1230 873 1295 praecepta
906 1230 975 1280 sunt
1005 1243 1022 1278 a

97 1299 255 1385 1223‘1'313234
274 1306 403 1361 Domino.
468 1306 607 1375 Aperiens
634 1310 730 1360 autem
749 1307 851 1361 Petrus
879 1322 1022 1372 ossuum,

135 1390 210 1429 nan.
275 1386 359 1441 dixit:
385 1386 415 1440 ln
439 1386 561 1441 veritate
586 1386 711 1455 comperi
735 1386 803 1455 quia
819 1402 877 1440 non
897 1390 943 1441 est
961 1404 1024 1456 per-

63 1460 139 1502 ³⁹¹³¹³
152 1462 210 1545 ἷὲζζξζ
221 1472 255 1523 35
275 1484 409 1521 sonarum
435 1470 569 1537 acceptor
587 1466 682 1532 DeuS,
719 1466 770 1520 sed
794 1466 823 1520 in
843 1466 919 1521 omni
938 1470 1026 1535 gente

101 1566 126 1600 Ρη
138 1569 211 1609 nain
275 1547 323 1616 qui
338 1547 420 1602 timet
435 1564 508 1614 eum,
528 1550 557 1601 et
572 1550 707 1615 operatur
720 1546 869 1613 iustitiam,
886 1551 1027 1615 aceeptus

52 1614 210 1699 nnpffidi‘i'p,
221 1634 255 1684 36
276 1632 320 1683 est
339 1627 386 1681 illi.
424 1627 547 1681 Verbum
566 1625 646 1681 misit
664 1626 742 1681 Deus
761 1626 826 1681 filiis
845 1626 949 1694 lsrael,
978 1645 1027 1681 an·

114 1702 141 1735 nt
152 1703 210 1742 28‚10.

74 1746 211 1787 mm&
275 1707 414 1762 nuncians
443 1724 544 1776 paoem
572 1724 623 1777 per
650 1708 744 1761 Iesum
772 1706 934 1761 Christum:
969 1707 1028 1776 (hio

84 1792 255 1851 man-nti
276 1791 321 1842 est
357 1788 483 1842 omnium
519 1787 679 1854 Dominus)
734 1787 791 1841 Vos
828 1786 910 1841 scitis
949 1788 1026 1857 quod

275 1868 384 1921 factum
410 1871 455 1922 est
478 1868 598 1922 verbum
621 1885 673 1937 per
691 1867 853 1921 universam
873 1866 1022 1922 Iudaeam:

275 1948 414 2017 incipiens
443 1948 517 2002 enim
547 1964 564 2001 a
590 1948 718 2002 Galilaea
745 1952 811 2016 post
838 1946 1026 2015 baptismum,

133 2050 153 2082 n
164 2052 211 2091 nu.
221 2034 256 2085 38
276 2028 352 2098 quod
370 2027 549 2097 praedicavit
562 2028 692 2094 loannes,
704 2029 709 2067 ¹
721 2029 814 2081 Iesum
829 2044 849 2081 a
864 2027 1025 2083 Nazareth:

126 2096 211 2137 ΜΨ·
275 2108 417 2178 quomodo
441 2108 523 2163 unxit
546 2124 611 2163 eum
630 2109 708 2162 Deus
728 2107 836 2176 Spiritu
855 2110 973 2175 sancto,
996 2111 1026 2162 et

275 2189 394 2256 virtute,
420 2189 468 2258 qui
494 2188 664 2258 pertransiit
684 2186 905 2254 benefaciendo,
931 2192 962 2243 et
981 2206 1026 2243 sa·

275 2268 370 2323 nando
396 2285 494 2323 omnes
520 2286 674 2338 oppressos
701 2267 863 2335 adiabolo,
889 2269 1026 2337 quoniam

116 2372 142 2407 nt
153 2354 256 2414 21,aa.39
275 2350 354 2403 Deus
373 2352 436 2404 erat
455 2366 518 2403 oum
537 2349 593 2404 illo.
625 2348 662 2403 Et
676 2365 732 2402 nos
746 2351 837 2402 testes
851 2365 952 2402 sumus
967 2365 1025 2402 om-

175 2421 210 2460 ¹’⁸·
275 2430 361 2497 nium,
376 2446 450 2501 quae
465 2429 534 2484 feeit
547 2428 576 2483 in
589 2429 704 2499 regione
716 2428 893 2495 Iudaeorum,
908 2431 938 2482 et
950 2428 1026 2483 Ieru-

276 2653 488 2660 —-—---—

328 2806 355 2844 30
370 2798 456 2843 nudius
472 2800 592 2851 quartana
616 2799 620 2852 Ι
646 2798 700 2849 ad]
717 2798 742 2842 iu

328 2878 354 2915 31
370 2870 403 2923 (u
417 2876 458 2915 inc.
472 2886 491 2913 v.
505 2870 609 2923 Corneli)

329 2949 356 2986 aa
369 2948 394 2995 cr
405 2948 432 2985 23

330 3018 356 3056 34
371 3034 394 3045 -
410 3024 480 3055 suum
504 3012 508 3065 Ι
535 3011 649 3065 quoniam

328 3091 355 3128 86
370 3105 393 3116 -
408 3083 472 3127 Deus

328 3161 356 3198 aa
368 3153 530 3209 pertransivit

619 3232 661 3278 330
