2275 3434
263 170 384 265 lorus
406 172 689 230 Aeosrouonvn.
743 174 895 243 aaa-oa

96 340 171 393 illos:
192 337 251 392 Viri
270 336 416 391 Israelitae
437 336 577 392 attendite
598 337 679 391 vobis
694 352 780 406 super
793 336 842 391 ho·

95 418 218 473 minibus
237 418 302 472 istis
321 416 390 486 quid
405 416 496 472 acturi
511 417 583 472 sitis,
611 417 752 472 Antelios
767 416 842 471 enim
862 419 896 470 36
906 438 964 478 arm.

96 499 156 554 dies
175 498 272 553 extitit
290 496 437 565 Theodas,
457 497 555 553 dicens
576 514 607 552 se
626 514 691 553 esse
711 498 843 567 aliquem,

95 580 139 634 cui
152 580 299 634 consensit
308 594 442 633 numerus
453 578 578 633 virorum
588 578 702 633 circiter
711 577 843 648 quadrin-

94 665 258 730 gentorum:
278 660 327 729 qui
346 658 457 713 occisus
471 662 530 713 est:
550 662 580 712 et
594 675 702 725 omnes,
721 658 771 728 qui
785 674 844 712 cre·

95 740 204 795 debant
217 740 252 806 ei,
266 738 400 808 dissipati
413 742 489 805 sunt,
505 743 534 794 et
545 738 655 793 redacti
667 738 706 793 ad
716 739 843 793 nihilum.

93 822 165 875 Post
189 820 266 874 hunc
291 818 386 874 extitit
409 818 494 873 ludas
519 818 664 873 Galilaeus
689 820 719 873 in
743 819 843 873 diebus
863 822 974 880 arma
987 838 1033 881 nn.
1121 831 1123 866 ;

93 899 298 970 professioniS,
325 903 354 954 et
380 899 484 954 avertit
503 900 639 968 populum
658 903 726 969 post
744 916 790 966 se,
815 903 844 954 et

94 982 156 1050 ipse
175 980 277 1049 periit:
296 983 324 1033 et
344 994 457 1042 omnes
478 983 620 1049 quotquot
638 983 845 1034 consenserunt
1045 1046 1048 1053 Ι

95 1062 127 1129 ei,
148 1060 272 1130 dispersi
292 1062 367 1114 sunt.
404 1058 440 1113 Et
458 1076 535 1113 nuno
553 1059 651 1129 itaque
670 1059 733 1115 dico
753 1060 844 1127 vobis,
863 1063 1005 1123 38mmn.

95 1140 235 1196 discedite
261 1140 297 1194 ab
323 1139 485 1195 hominibus
508 1140 587 1206 istis,
613 1143 643 1195 et
661 1141 747 1196 sinite
765 1141 843 1196 illos:

94 1221 231 1291 quoniam
256 1221 280 1275 si
306 1226 351 1277 est
377 1240 413 1277 ex
431 1220 594 1275 hominibus
613 1221 762 1275 consilium
781 1223 844 1289 hoc,

95 1306 143 1357 aut
170 1318 259 1371 opuS,
286 1302 473 1357 dissolvetur:
510 1301 536 1355 si
560 1318 628 1356 vero
651 1318 687 1355 ex
705 1302 767 1356 Deo
790 1306 844 1370 est,
863 1305 944 1367 3922..
958 1324 996 1366 aa„
1009 1325 1066 1366 mn.

94 1400 150 1438 non
169 1382 303 1452 poteritis
323 1381 478 1437 dissolvere
497 1380 575 1449 illud,
593 1398 629 1437 ne
649 1382 723 1437 sorte
740 1387 770 1437 et
783 1383 844 1437 Deo

64 1478 257 1533 rorepugnare
275 1463 468 1517 inveniamini
488 1462 728 1518 *Consenserunt
748 1468 843 1519 autem

95 1544 140 1599 illi.
176 1543 213 1598 Et
233 1546 425 1598 convocantes
443 1543 606 1613 Apostolos»,
625 1544 718 1598 caesis
737 1544 844 1599 denun-
863 1547 966 1608 loma.

95 1624 244 1679 cieverunt
269 1640 305 1678 ne
330 1624 444 1679 omnino
471 1624 653 1693 loquerentur
677 1625 706 1680 in
730 1626 844 1680 nomine

95 1704 166 1773 lesu,
186 1708 217 1759 et
232 1704 400 1760 dimiserunt
416 1720 473 1759 eos.
529 1704 565 1759 Et
580 1706 619 1760 illi
634 1704 748 1775 quidem
763 1706 845 1761 ibant
863 1710 896 1761 41
909 1729 936 1761 m
947 1729 1033 1768 aro-12.

94 1786 255 1855 gaudentes
273 1802 290 1839 a
306 1789 462 1854 conspectu
476 1786 597 1852 concilii,
616 1788 751 1856 quoniam
766 1787 844 1856 digni
909 1775 917 1805 ¹
930 1772 945 1803 Ρ
956 1774 1003 1814 ⁴'¹²¹‘

96 1866 186 1921 habiti
203 1869 273 1920 sunt
286 1882 338 1934 pro
352 1866 466 1920 nomine
480 1867 544 1921 Iesu
559 1868 761 1922 contumeliam
774 1868 843 1937 pati.

96 1948 179 2002 Omni
209 1949 307 2001 autem
335 1945 380 2001 die
408 1963 464 2001 non
493 1946 647 2001 cessabant
673 1947 703 2002 in
729 1950 844 2017 templo,
863 1952 956 2011 42ns.

97 2032 124 2083 et
150 2028 228 2082 circa
253 2026 353 2081 domos
380 2026 530 2093 docentes,
560 2030 590 2080 et
614 2027 845 2095 evangelizantes

98 2108 247 2163 Christum
263 2106 364 2161 lesum.

68 2284 90 2329 17
167 2272 200 2325 In
238 2269 339 2325 diebus
376 2274 472 2325 autern
507 2269 579 2337 illis,
616 2273 762 2324 crescente
795 2286 845 2323 nu-
865 2258 884 2330 (i
908 2292 956 2332 ms.

96 2368 172 2407 mero
219 2350 436 2419 discipulorum,
480 2349 590 2404 lactum
632 2353 676 2404 est
719 2366 846 2404 murmur

99 2432 272 2486 Graecorum
313 2430 451 2485 adversus
488 2430 651 2497 Hebraeos,
695 2448 729 2486 eo
769 2430 845 2499 qudd

99 2512 312 2582 despicerentur
349 2512 377 2565 in
414 2511 572 2565 ministerio
607 2511 773 2581 quotidiano
806 2511 845 2565 vi·
896 2516 899 2519 ’

99 2592 170 2647 duae
219 2610 325 2647 eorum.
390 2591 589 2646 Convocantes
636 2595 732 2646 autem
778 2592 882 2645 duo-2

100 2672 188 2727 decim
222 2673 433 2729 multitudinem
466 2671 669 2741 discipulorum
697 2672 844 2727 dixerunt:

151 2911 178 2947 aa
193 2909 215 2955 >
232 2903 304 2948 viror.
321 2914 385 2949 num.
412 2904 416 2957 1
443 2902 584 2956 quicumque
608 2906 612 2957 Ι
637 2904 752 2949 redactus
767 2906 804 2947 est

152 2974 178 3009 aa
192 2966 251 3011 illud
265 2970 274 3017 ]
289 2978 331 3011 aas

153 3038 178 3073 4ο
193 3051 216 3063 -
232 3028 330 3073 omnino

154 3099 179 3136 42
195 3098 217 3143 >
233 3092 363 3146 intemplo
378 3094 436 3135 eto.
453 3092 516 3135 dom.
531 3102 579 3135 non
596 3103 660 3134 cess.

155 3156 192 3209 6,]
207 3156 287 3199 lactus

463 3234 503 3277 313
