2275 3434
266 160 390 227 ‘lh—15.
482 161 682 216 SECVNDVM
707 160 881 215 IOANNEM.

286 325 302 374 3
323 320 359 375 ad
385 321 510 391 nuptias,
548 322 584 375 Et
608 320 757 376 deficiente
780 321 860 387 vino,
885 321 956 375 dicit
981 326 1070 375 mater

99 420 256 461 machnase.
285 402 386 455 dlesu
405 400 441 457 ad
461 418 537 456 eum:
558 402 661 455 Vinum
679 418 737 456 non
755 402 870 456 habent.
904 401 941 457 Et
958 401 1031 456 dicit
1049 402 1067 454 ei

168 464 198 497 '¹⁰
211 466 256 506 ¹¹⁹¹*
322 482 415 535 Iesus:
436 481 510 551 Quid
529 481 607 548 mihi,
622 486 651 536 et
670 482 722 536 tibi
742 485 787 536 est
805 482 1069 537 mulierl‘nondum

286 566 302 616 5
322 561 401 617 venit
426 562 496 616 hora
518 578 592 617 mea
629 561 706 617 Dicit
724 565 817 617 mater
836 562 898 616 eius
917 562 1068 617 ministris:

161 661 257 703 aaran
286 642 527 712 oQuodcumque
564 642 669 698 dixerit
699 642 798 709 vohis,
835 643 931 697 facite.
985 643 1067 697 Erant

323 728 418 777 autem
446 724 485 777 ibi
513 722 643 791 lapideae
669 722 787 791 hydriae
812 740 864 780 sex
888 723 1008 792 positae
1032 739 1070 776 se-

323 803 445 857 cundum
464 803 696 872 purificationem·
712 802 896 870 ludaeorum,
923 804 1070 873 capientes

287 889 302 939 7
322 884 452 953 singulae
470 886 609 958 metretas
628 884 711 938 binas
730 885 775 938 vel
794 888 900 939 ternas,
933 884 1016 939 Dicit
1035 886 1072 937 eis

322 965 416 1019 lesus:
436 963 556 1033 implete
573 962 690 1032 hydrias
709 980 793 1033 aqua.
827 963 864 1018 Et
882 964 1073 1033 impleverunt

287 1048 303 1098 8
323 1060 372 1098 eas
398 1061 489 1112 usque
515 1043 552 1099 ad
578 1060 728 1097 summurn.
765 1044 802 1098 Et
825 1044 895 1099 dicit
914 1045 956 1098 eis
978 1046 1071 1099 Iesus:

323 1124 441 1179 Haurite
461 1140 545 1190 nunc,
566 1127 596 1179 et
615 1124 689 1178 ferte
708 1124 908 1179 architriclino.
946 1124 987 1180 Et
1006 1126 1072 1180 tule-

287 1210 303 1259 9
323 1207 397 1259 runt.
426 1204 465 1259 Ut
484 1207 580 1257 autem
599 1204 729 1273 gustavit
744 1204 953 1259 architriclinus
969 1222 1071 1275 aquam

323 1284 419 1337 vinum
439 1284 556 1351 iactam,
576 1287 606 1339 et
623 1301 680 1338 non
699 1284 810 1339 sciebat
825 1283 901 1339 unde
915 1283 1012 1352 esset‚'
1028 1285 1070 1339 mi·

323 1363 406 1419 nistri
426 1368 522 1419 autem
542 1364 688 1430 sciebant,
708 1364 756 1433 qui
775 1364 934 1419 hauserant
952 1381 1071 1434 aquam:

237 1512 238 1517 ἵ
271 1450 305 1501 10
323 1448 408 1499 vocat
440 1460 578 1513 sponsum
612 1444 836 1511 architriclinum
854 1446 860 1485 ¹
876 1449 905 1499 et
933 1444 1007 1499 dicit
1035 1446 1071 1498 ei:

324 1524 423 1579 Omnis
442 1524 526 1579 homo
545 1525 669 1594 primum
686 1524 794 1579 honum
812 1526 909 1579 vinum
929 1526 1028 1593 ponit:
1046 1530 1070 1577 et

324 1622 389 1659 cum
407 1605 539 1661 inebriati
560 1605 682 1672 fuerint,
701 1609 770 1659 tunc
788 1604 832 1671 id,
851 1604 928 1674 quod
948 1605 1066 1660 deterius
1104 1659 1106 1664 ,

325 1689 382 1739 est:
409 1686 452 1740 Tu
477 1690 575 1740 autem
598 1685 722 1739 servasti
740 1685 847 1739 honum
866 1686 964 1740 vinum
984 1702 1064 1753 usque
1104 1675 1106 1686 '

138 1773 303 1830 1,1r;11‚ro.ll
325 1765 425 1819 adhuc.
479 1766 541 1819 Hoc
560 1765 631 1819 fecit
649 1765 761 1820 initium
779 1765 926 1834 signorum
945 1766 1022 1820 Iesus
1040 1765 1065 1816 in

325 1846 405 1900 Cana
419 1846 576 1901 Galilaeae:
592 1849 622 1901 et
636 1845 835 1900 manifestavit
847 1845 970 1914 gloriam
983 1862 1070 1906 suam,

326 1931 354 1981 et
373 1925 554 1980 crediderunt
573 1926 603 1980 in
622 1942 688 1980 eum
707 1925 838 1995 discipuli
858 1926 928 1980 eius.
1008 1952 1012 1959 ·

124 2111 159 2152 aa.
175 2110 202 2145 ra
213 2112 260 2152 an.
273 2095 305 2145 12
396 2088 466 2143 Post
485 2088 538 2142 hoc
557 2086 707 2142 descendit
726 2086 928 2156 Capharnaum
941 2088 1027 2157 ipse,
1049 2093 1076 2141 et
1090 2085 1105 2141 J⁵

160 2163 164 2177 '
325 2172 418 2223 mater
437 2168 511 2234 eiua,
531 2171 560 2223 et
580 2167 686 2222 fratres
705 2167 780 2233 eiua,
799 2171 828 2221 et
847 2166 980 2236 discipuli
999 2168 1075 2222 eius:

326 2251 355 2301 et
374 2247 414 2302 ibi
432 2252 600 2302 manserunt
618 2266 675 2303 non
694 2248 791 2302 multis
810 2246 920 2301 diebus,

147 2353 187 2392 aa
204 2353 261 2393 aas.
274 2335 306 2385 13
397 2326 433 2381 Et
466 2344 555 2396 prope
588 2332 650 2382 erat
682 2328 796 2382 Pascha
827 2327 1014 2395 ludaeorum,
1049 2333 1078 2381 et
1087 2336 1093 2393 ζ

162 2421 238 2455 ¹⁴4⁶:
274 2414 306 2465 14
327 2408 457 2462 ascendit
484 2408 563 2463 lesus
596 2408 812 2476 lerosolymam:
857 2410 886 2462 et
913 2408 1026 2463 invenit
1049 2409 1091 2461 in*

121 2467 261 2552 sitiit-²:13:
326 2489 432 2557 templo
456 2488 613 2543 vendentes
638 2488 741 2555 borea,
767 2493 796 2542 et
815 2504 897 2553 ovea,
923 2491 952 2543 et
971 2490 1074 2545 colum-
1102 2497 1104 2548 l

147 2556 262 2598 ΝΜ
274 2574 307 2627 15
326 2569 395 2636 baa,
428 2572 457 2625 et
489 2568 664 2622 numularios
692 2567 834 2623 sedentes.
879 2568 915 2623 Et
942 2584 1009 2624 curn
1039 2570 1051 2622 s
1063 2599 1074 2606 ·

327 2650 415 2704 cisset
448 2648 531 2718 quasi
559 2647 703 2717 flagellum
732 2648 766 2703 de
795 2648 944 2715 funiculis,
977 2666 1078 2703 omnes

328 2730 411 2784 eiecit
430 2728 464 2783 de
484 2730 603 2796 templo,
630 2746 698 2784 oves
718 2746 844 2799 quoque,
869 2732 898 2783 et
916 2728 1025 2797 hoveS‚
1052 2736 1079 2783 et
1101 2747 1102 2774 1

381 2995 408 3031 10
423 3008 446 3020 -·
463 2989 543 3032 autam
1101 2927 1103 2980 Ι

382 3065 408 3101 12
423 3058 444 3113 5
460 3058 521 3102 Post
534 3058 595 3101 haec

382 3136 408 3173 13
421 3129 585 3183 hierosolyma
597 3130 664 3175 iesus

674 3208 715 3253 234
