2275 3434
244 168 409 237 '25‚22-34.
447 168 648 224 SECVNDVM
667 164 905 222 MATTHAEVM.

252 334 287 385 22
305 330 380 386 intra
398 331 428 384 in
447 328 584 398 gaudium
600 328 706 382 domini
722 327 773 381 tui.
811 326 941 380 Accessit
958 329 1059 381 autern

307 411 402 480 etqui
422 409 478 463 duo
498 409 608 464 talenta
626 411 787 477 acceperat,
807 411 836 461 et
851 407 904 461 ait:
924 406 1061 472 Domine,

307 490 362 545 duo
392 490 502 544 talenta
529 488 674 543 tradidisti
702 488 787 553 mihi,
820 503 886 541 ecce
914 485 972 540 alia
1001 486 1060 540 duo
1111 500 1113 521 ¹

214 576 288 628 n.23
306 573 434 625 lucratus
462 586 533 624 suin.
571 570 619 623 Ait
646 569 686 623 illi
714 568 846 622 dominus
871 567 947 621 eius:
977 567 1062 635 Euge

307 667 389 707 serve
407 651 491 717 bone,
511 654 540 705 et
559 650 658 715 fidelis,
678 649 746 718 quia
764 664 851 717 super
866 663 960 717 pauca
976 647 1062 702 fuisti

308 731 414 797 fidelis,
441 746 528 799 super
550 731 640 784 multa
664 734 693 784 te
716 728 906 792 constituam,
932 726 1014 782 intra
1033 729 1063 781 in

254 817 289 867 ‘24
308 811 443 882 gaudium
462 810 568 865 domini
587 811 639 866 tui.
676 809 823 865 Accedens
843 811 940 862 autem
959 811 990 862 et
1010 811 1063 877 qui

308 909 395 947 unum
414 892 554 945 talentum
574 895 740 960 acceperat,
763 890 817 944 ait:
842 888 978 954 Domine,
997 891 1063 943 scio

309 973 376 1042 quia
394 972 478 1025 homo
498 971 586 1026 durus
603 989 642 1039 es
661 972 747 1026 metis
761 969 811 1023 ubi
826 986 882 1024 non
897 967 1064 1029 seminasti,

255 1055 289 1108 25
309 1055 338 1107 et
366 1068 524 1120 congregas
552 1052 601 1105 ubi
628 1069 686 1105 non
711 1050 859 1119 sparsisti:
897 1051 926 1102 et
951 1048 1064 1104 timens

309 1133 381 1197 abii,
410 1136 439 1186 et
466 1132 603 1187 abscondi
631 1133 771 1186 talentum
798 1134 880 1184 tuum
907 1129 936 1182 in
963 1132 1063 1183 terra:

255 1218 290 1270 26
310 1229 375 1267 ecce
389 1213 478 1267 habes
494 1213 571 1282 qnod
584 1218 664 1267 tuum
678 1216 731 1265 est.
758 1209 947 1279 Respondeas
960 1213 1063 1265 autem

310 1293 441 1348 dominus
460 1294 535 1360 eius,
554 1293 627 1347 dixit
646 1293 686 1345 ei:
707 1291 795 1345 Serve
814 1290 901 1355 male,
920 1293 950 1344 et
967 1289 1061 1359 piger.

310 1374 422 1428 sciebas
448 1374 515 1443 qnia
541 1378 618 1427 meto
644 1371 692 1424 ubi
718 1387 776 1425 non
795 1370 917 1435 semino,
944 1374 973 1424 et
993 1387 1064 1425 oon-

256 1459 289 1509 27
310 1470 397 1523 grego
415 1454 464 1508 ubi
483 1471 540 1508 non
559 1452 668 1520 sparsi:
706 1450 833 1518 oportuit
852 1467 919 1519 ergo
938 1453 967 1504 te
983 1467 1063 1504 corn-

309 1534 423 1588 mittere
437 1533 588 1602 pecuniam
603 1547 697 1584 meam
710 1529 886 1597 numulariis,
901 1530 1064 1584 eiveniens

311 1631 364 1682 ego
389 1614 561 1682 recepissem
586 1610 686 1678 utique
710 1610 786 1680 quod
810 1626 907 1664 meum
930 1612 976 1663 est
994 1627 1063 1664 curn

256 1698 292 1748 28
311 1711 404 1748 usura.
442 1693 544 1748 Tollite
563 1691 661 1758 itaque
681 1692 716 1744 ab
732 1709 765 1746 eo
781 1691 929 1756 talentum,
948 1693 978 1744 et
991 1687 1065 1745 date

188 1778 291 1839 1³,o.29
311 1774 349 1842 ei,
373 1775 421 1843 qui
440 1773 528 1827 habet
548 1771 645 1824 decem
666 1773 782 1826 talenta.
819 1770 896 1826 omni
915 1769 991 1824 enim
1010 1770 1090 1843 has¹

309 1855 390 1908 benti
416 1853 543 1917 dabitur,
571 1856 600 1905 et
624 1852 797 1906 abundabit:
824 1852 849 1905 ei
874 1852 985 1916 autem,
1010 1847 1087 1919 qni‘

310 1934 482 1998 nonhabet,
504 1935 532 1985 et
552 1930 629 2000 quod
647 1932 760 1987 videtur
778 1932 893 1997 habere,
913 1928 1064 1985 auferetur

200 2039 247 2078 sn.
257 2019 292 2070 30
311 2016 347 2069 ab
365 2031 406 2069 eo.
445 2013 481 2066 Et
498 2011 627 2066 inutilem
642 2030 756 2067 servum
772 2012 866 2066 eiicite
880 2011 909 2064 in
924 2010 1063 2065 tenebras
1073 2015 1093 2076 ²3²

312 2095 483 2150 exteriores:
511 2091 567 2146 illic
595 2094 649 2148 erit
675 2093 777 2158 fletus,
806 2097 836 2146 et
861 2090 968 2146 stridor
992 2090 1063 2146 den·
1080 2080 1087 2092 ”

90 2200 147 2238 nu.
156 2197 247 2240 zeina.
258 2180 290 2231 31
311 2176 390 2230 tium.
452 2171 523 2225 Cum
556 2179 652 2228 autem
681 2174 793 2228 venerit
821 2171 909 2226 Filius
937 2170 1094 2253 hominis-'¹1

107 2241 247 2285 A1¹²⁰2¹¹·¹³·
311 2257 340 2309 in
377 2253 529 2308 maiestate
565 2272 633 2322 sua,
671 2260 701 2310 et
737 2270 836 2308 omnes
869 2250 963 2320 angeli
995 2267 1062 2306 cum

313 2353 359 2401 ec,
396 2337 465 2388 tunc
501 2334 614 2390 sedebit
651 2353 738 2405 super
769 2333 868 2387 sedem
899 2332 1062 2387 maiestatis

160 2423 293 2481 annotat>
312 2431 396 2469 suae:
436 2418 465 2469 et
493 2417 742 2484 congregabuntur
770 2417 837 2467 ante
869 2429 933 2466 eum
962 2429 1062 2468 omnes

312 2500 429 2564 geum,
457 2499 486 2550 et
512 2497 659 2565 separabit
685 2512 735 2549 eos
761 2495 797 2547 ab
823 2493 960 2559 invicem,
985 2492 1061 2550 sicut

152 2584 294 2644 aiant&
312 2577 412 2644 pastor
435 2580 568 2645 segregat
593 2592 661 2629 oves
686 2576 721 2628 ab
746 2573 860 2628 hoedis:
898 2576 928 2627 et
951 2575 1063 2630 statuet

314 2670 382 2708 oves
401 2656 515 2724 quidem
535 2674 552 2710 a
572 2656 681 2710 dextris
700 2656 774 2721 suia,
800 2655 908 2710 hoedos
928 2657 1025 2709 autem
1046 2674 1063 2710 a
1111 2694 1113 2707 .

260 2742 295 2793 34
314 2735 445 2790 sinistris
483 2737 563 2791 Tunc
589 2735 666 2790 dicet
688 2752 738 2790 rex
761 2734 821 2802 his,
847 2735 896 2804 qui
915 2752 934 2788 a
952 2734 1062 2790 dextris
1111 2728 1113 2797 ζ

314 2816 375 2870 eius
413 2820 508 2872 erunt:
548 2817 647 2870 Venite
683 2815 828 2871 benedicti
864 2814 959 2869 Patris
996 2818 1062 2885 mei,
1111 2872 1113 2875 ,

366 2988 392 3023 23
407 2989 481 3032 supra
494 2977 572 3021 multa
657 2985 682 3020 24
697 2989 723 3020 es
737 2979 763 3020 et
777 2978 833 3020 met.

366 3041 393 3077 27
407 3033 504 3076 mittere
530 3033 533 3085 l
558 3043 651 3074 numni·
678 3036 681 3083 l
706 3033 731 3074 et
746 3036 753 3080 1
769 3030 790 3084 ᾗ
804 3032 831 3073 ut

367 3094 392 3130 31
407 3085 429 3182 ff
444 3085 526 3139 angeli
540 3085 592 3130 eius
921 3096 925 3101 ·

367 3147 394 3183 32
425 3139 492 3183 aedis
507 3149 537 3182 etc

667 3217 695 3260 70
