2275 3434
219 164 378 233 lter—44.
424 163 544 221 ACTVS
567 162 851 220 APOSTOLORVM.

272 325 387 381 Psalmo
415 326 540 383 secundo
569 326 708 395 scriptum
736 330 795 381 est:
823 326 912 379 Filius
938 343 1019 381 meus

127 425 147 457 n
160 410 253 466 rasit
272 421 303 459 es
335 408 383 473 tn,
415 423 468 477 ego
500 407 585 462 hodie
617 408 704 477 genui
730 410 768 461 te.
813 406 896 475 Quod
924 411 1021 461 autem

271 486 425 541 suscitavit
449 503 514 542 eum
541 505 558 542 a
583 487 720 554 mortum,
746 487 868 556 amptius
888 488 945 541 iam
964 506 1020 542 non

271 582 451 621 reversurum
473 567 503 621 in
522 567 749 637 corruptionem,
772 567 814 621 ita
833 567 920 622 dixit:
948 568 1021 637 Quia

54 666 101 706 aa.
113 666 137 698 ra
150 651 252 707 1a‚1o.35
271 645 346 701 dabo
367 648 450 701 vobis
474 652 577 702 sancta
595 646 689 702 David
707 647 811 702 fidelia.
843 647 973 717 'ideoque
993 653 1021 703 et

270 727 342 781 alias
366 726 449 783 dicit:
474 728 538 783 Non
563 728 645 783 dabis
665 726 804 783 Sanctum
823 732 905 782 tuum
923 728 1021 783 videre

98 827 104 857 ¹
118 824 147 867 Rs
159 826 206 864 mo-
217 812 251 864 36
271 808 490 877 corruptionem.
518 808 611 863 David
631 809 706 863 enim
724 808 754 862 in
768 826 822 863 sua
835 810 1022 877 generatione

106 868 146 901 ³¹¹⁶
158 871 206 957 {531
270 904 335 942 cum
361 888 609 957 administrasset,
635 888 775 944 voluntati
794 889 847 943 Dei
871 888 1021 943 dormivit:

270 971 300 1022 et
319 969 469 1038 appositus
488 972 534 1024 est
553 968 591 1023 ad
608 972 708 1039 patres
727 986 804 1037 suoS,
824 973 853 1024 et
868 970 942 1024 vidit
961 987 1022 1024 cor·

216 1053 250 1104 37
270 1050 439 1117 ruptionem.
486 1049 577 1119 Quem
610 1066 678 1105 vero
706 1050 785 1104 Deus
817 1050 972 1105 suscitavit
1004 1068 1023 1105 a

147 1133 251 1186 n,m38
269 1130 405 1197 mortuiS,
441 1147 497 1184 non
532 1130 605 1184 vidit
641 1130 862 1200 corruptionem.
912 1130 1022 1185 Notum

64 1234 81 1265 n
94 1190 135 1276 „fi”
148 1192 205 1276 ἶὲἷξὲζ
269 1207 357 1276 igitur
382 1210 421 1263 sit
446 1210 527 1265 vobis
553 1210 606 1263 viri
631 1210 751 1278 fratres,
777 1210 846 1279 quia
869 1225 922 1279 per
943 1211 1022 1265 hunc

269 1288 351 1343 vobis
367 1290 500 1345 remissio
519 1294 703 1359 peccatorum
719 1290 918 1356 annunciatur,
938 1296 968 1345 et
983 1292 1021 1345 ab

269 1369 417 1437 omnibuS,
444 1370 547 1439 quibus
566 1388 623 1426 non
643 1371 780 1439 potuistis
798 1372 827 1424 in
846 1371 909 1439 iege
927 1370 1022 1439 Moysi

130 1465 147 1498 R
159 1468 204 1507 un.
215 1453 250 1505 39
269 1450 426 1518 iustificari,
442 1452 487 1505 'in
506 1452 561 1507 hoc
580 1452 681 1519 omnis
700 1452 748 1520 qui
765 1450 863 1518 credit,
882 1452 1023 1506 iustifica-

126 1548 157 1579 m
170 1549 205 1589 qr.
214 1535 251 1585 40
269 1534 324 1584 tur.
361 1530 461 1585 Videte
487 1548 554 1601 ergo
581 1548 616 1586 ne
638 1531 822 1600 superveniat
840 1531 923 1585 vobis
941 1532 1022 1601 quod

182 1622 185 1629 ’
269 1610 377 1665 dictum
396 1612 488 1665 estin
508 1612 674 1681 Prophetis:

214 1713 248 1763 41
304 1708 405 1763 Videte
437 1713 664 1779 contemptorem,
698 1713 727 1764 et
759 1710 957 1777 admiramini,
990 1715 1020 1766 et

376 1788 588 1859 disperdimini:

340 1869 408 1939 quia
427 1887 499 1939 opus
519 1887 621 1939 operor
639 1887 692 1940 ego
711 1870 740 1924 in
760 1870 861 1938 diebus
880 1873 996 1939 vestris,

305 1966 376 2018 opus
396 1949 472 2019 quod
491 1967 548 2005 non
567 1950 705 2019 credetis,
731 1950 822 2021 siquis
841 1953 1019 2007 enarraverit

375 2030 465 2085 vobis,
933 2054 936 2061 ·

213 2132 249 2183 42
339 2128 517 2183 Exeuntibus
545 2133 642 2185 autem
667 2130 722 2184 illis
748 2131 890 2200 rogabant
914 2135 949 2186 ut
974 2148 1019 2186 se·

269 2208 366 2278 quenti
392 2210 514 2264 sabbato
541 2210 725 2279 loquerentur
748 2212 803 2265 sibi
824 2211 912 2265 verba
936 2214 1018 2267 haec.

146 2289 397 2358 quamcumque
438 2289 557 2343 dimissa
598 2295 677 2346 esset
717 2308 881 2361 synagoga,
924 2293 1018 2347 secuti

268 2373 335 2424 sunt
358 2370 438 2424 multi
457 2369 641 2439 ludaeorum,
668 2374 695 2425 et
720 2372 873 2426 colentium
892 2371 1019 2427 advena·

267 2468 344 2517 rum,
371 2450 505 2517 Paulum,
532 2454 561 2505 et
586 2450 763 2506 Barnabam:
792 2452 840 2520 qui
865 2453 1019 2521 loquentes

268 2529 429 2585 suadebant
472 2531 513 2585 eis
550 2535 583 2585 ut
619 2537 819 2601 permanerent
855 2533 884 2586 in
921 2534 1020 2601 gratia

212 2614 249 2665 44
267 2610 328 2664 Dei.
402 2610 540 2679 Sequenti
559 2628 627 2666 vero
647 2613 770 2667 sabbato
789 2629 863 2681 pene
881 2613 1019 2668 universa

319 2858 345 2893 34
360 2850 517 2895 suscitaverit

319 2929 346 2964 36
361 2943 384 2954 -
401 2922 428 2965 in
453 2923 456 2975 Ι
482 2922 529 2967 vol.
546 2922 585 2966 dei
599 2939 616 2968 c.
626 2940 699 2977 praec.
713 2931 766 2969 coni.

319 3000 346 3035 3⁷
361 3015 384 3026 -
400 3005 415 3036 a
429 2993 530 3037 mortuis

320 3070 346 3106 38
361 3085 384 3096 -
401 3066 425 3107 ct

320 3142 346 3177 43
360 3136 380 3189 ᾖ
396 3135 484 3178 colent.
500 3136 575 3179 Deum
600 3139 604 3189 Ι
631 3138 756 3183 bamabau

611 3216 652 3261 340
