2275 3434
232 134 372 202 124-15,
469 135 668 190 SECVNDVM
694 134 826 190 LVCAM.

285 295 390 350 lumine
422 295 566 351 dicentur:
601 301 630 350 et
658 295 734 366 quod
762 296 790 349 in
819 311 917 352 aurem
946 295 1032 348 locuti

285 375 356 430 estis
389 376 417 429 in
451 376 603 443 cubiculis,
636 375 850 445 praedicabitur
882 375 911 429 in
941 376 1032 430 tectis.

248 455 356 511 4Dico
386 459 481 510 autem
510 456 592 511 vobis
619 456 718 511 amicis
744 455 830 511 meis:
859 455 902 510 Ne
928 458 1034 510 terrea·

285 537 354 590 mini
380 536 416 591 ab
443 536 503 604 his,
529 537 578 606 qui
603 536 737 592 occidunt
765 552 885 606 corpus,
913 539 943 591 et
969 541 1033 605 post

250 621 266 668 ἴ)
285 619 356 672 haec
370 634 428 671 non
441 617 550 672 habent
565 617 687 686 amplius
702 616 772 686 quid
786 615 904 671 faciant.
932 616 1035 672 Osten-

286 698 352 752 dam
370 701 466 752 autem
480 697 563 752 vobis
582 713 667 767 quem
685 697 826 752 timeatis:
846 697 947 752 timete
962 713 1035 762 eum,

286 779 349 847 qui,
380 781 535 848 postquam
563 777 714 846 occiderit,
742 777 832 833 habet
858 780 1035 848 potestatem

286 859 400 913 mittere
424 859 452 913 in
475 859 644 929 gehennam.
682 859 724 912 ita
747 853 812 913 dico
835 858 935 926 vobis,
961 858 1037 912 hunc

251 945 267 991 6
287 938 394 994 timete.
426 939 527 994 Nonne
546 939 672 1009 quinque
687 954 822 1008 passeres
836 943 982 995 vaeneunt
997 937 1036 993 di-

286 1019 405 1088 pondio,
430 1024 459 1074 et
482 1037 556 1074 unus
576 1019 685 1074 exiliis
704 1036 761 1074 non
781 1023 826 1074 est
844 1019 873 1072 in
893 1019 1036 1074 oblivione

164 1121 221 1161 aaa.
251 1105 382 1154 7coram
410 1101 494 1155 Deo?
538 1099 596 1155 Sed
629 1103 658 1156 et
690 1099 785 1169 capilli
813 1098 917 1169 capitis
946 1101 1038 1161 vestri

288 1196 387 1235 omnes
414 1181 556 1236 numerati
585 1184 661 1236 sunt.
703 1180 796 1235 Nolite
825 1197 893 1250 ergo
919 1181 1035 1235 timere:

252 1261 384 1316 ssmnltis
419 1261 586 1331 passeribus
618 1262 707 1331 pluris
740 1262 811 1316 estis
843 1278 912 1316 vos:
965 1261 1036 1315 Dico

289 1346 384 1397 autem
412 1342 512 1397 vobis:
540 1341 655 1410 Omnis,
685 1342 856 1412 quicumque
884 1341 1036 1397 confessus

289 1422 375 1477 fuerit
392 1439 438 1477 me
457 1440 553 1478 coram
572 1422 743 1491 hominibus,
763 1426 792 1477 et
806 1422 894 1476 Filius
912 1421 1037 1477 hominis

176 1524 224 1564 aa.
253 1502 470 1558 ticoniitebitur
501 1501 579 1558 illum
608 1519 703 1558 coram
731 1503 844 1573 Angelis
872 1503 943 1557 Dei:
989 1497 1069 1577 quil?

289 1585 385 1638 autem
404 1583 553 1653 negaverit
571 1600 617 1639 me
637 1601 733 1639 coram
752 1583 926 1652 hominibuS,
950 1600 1036 1653 nega-

128 1684 156 1716 m
168 1683 224 1725 nna
238 1669 271 1720 10
288 1664 366 1719 bitur
384 1681 480 1719 coram
496 1665 612 1733 Angelis
629 1656 690 1719 Dei.
723 1665 760 1719 Et
778 1665 879 1733 omnis,
899 1665 948 1734 qui
968 1664 1037 1719 dicit
1047 1659 1069 1738 ¹1⁷

106 1729 136 1761 ³¹⁰
148 1729 225 1769 ³²²⁸'²⁹'
289 1744 407 1800 verbum
425 1745 455 1799 in
473 1745 577 1800 Filium
595 1746 731 1813 hominia,
750 1745 913 1808 remittetur
930 1746 986 1800 illi:
1012 1747 1036 1800 ei

290 1830 401 1892 autem,
427 1825 475 1896 qui
500 1825 530 1880 in
548 1825 686 1895 Spiritum
705 1831 837 1883 sanctum
855 1825 1037 1895 blasphema-

137 1909 268 1966 n,n.n.ll
289 1906 375 1973 verit,
400 1923 458 1961 non
483 1907 652 1962 remittetur.
690 1905 761 1962 Cum
786 1909 882 1962 autem
901 1902 1070 1971 inducentss

100 1971 125 2003 Μ’
138 1970 225 2012 ¹⁰’¹⁹'²⁰'
289 2004 341 2041 vos
374 1987 402 2040 in
435 2003 614 2058 synagogas,
648 1991 677 2042 et
708 1987 744 2042 ad
771 1987 977 2057 magistratus,
1010 1975 1062 2043 et'

289 2070 466 2137 potestates,
491 2067 580 2123 nolite
605 2067 710 2124 soliciti
736 2083 799 2122 esse
823 2068 961 2137 qualiter,
989 2072 1038 2122 aut

238 2153 271 2202 12
290 2147 359 2218 quid
377 2147 585 2219 respondeatis
608 2152 658 2204 aut
676 2146 745 2218 quid
764 2147 875 2203 dicatis.
913 2147 1038 2218 Spiritus

290 2229 365 2283 enim
390 2232 509 2284 sanctus
535 2228 650 2285 docebit
674 2245 725 2284 vos
749 2227 778 2282 in
797 2229 861 2298 ipsa
880 2229 951 2284 hora
970 2228 1039 2298 quid

291 2312 422 2378 oporteat
440 2327 492 2364 vos
511 2309 613 2364 dicere.

239 2393 271 2443 13
362 2390 409 2447 Ait
427 2393 523 2445 autem
543 2391 568 2444 ei
588 2389 704 2459 quidam
723 2390 759 2445 de
775 2391 873 2445 turha:
892 2389 1039 2460 Magister,
1054 2403 1069 2466 „¹

291 2470 337 2524 dic
356 2469 438 2525 fratri
456 2487 519 2525 meo
539 2473 571 2525 ut
591 2469 701 2526 dividat
714 2487 825 2526 mecum
840 2469 1039 2526 hereditatem.

132 2567 226 2611 notan.
240 2555 273 2604 14
291 2551 328 2604 At
352 2550 399 2605 ille
425 2550 497 2605 dixit
522 2551 577 2604 illi:
603 2550 708 2620 Homo,
735 2551 799 2622 quis
824 2567 870 2607 me
889 2549 1040 2606 constituit

115 2635 272 2691 1'rt,a.1⁰.l5
292 2629 426 2698 indicem,
446 2635 496 2686 aut
515 2630 668 2686 divisorem
687 2632 865 2702 supervos?
902 2631 1040 2701 Dixitque

292 2709 329 2764 ad
347 2711 425 2765 illos:
446 2711 561 2778 Videte,
582 2717 610 2766 et
629 2715 729 2768 cavete
749 2713 785 2766 ab
805 2712 882 2768 onmi
900 2711 1039 2767 avaritia:

221 2818 225 2819 ff
292 2790 360 2858 quia
384 2808 441 2844 non
464 2790 492 2844 in
512 2791 690 2847 abundantia
709 2792 877 2862 cuiusquam
896 2792 958 2847 vita
978 2793 1040 2846 eius

344 2949 434 3001 rquod
513 2957 564 2992 7-
580 2961 624 2996 vos

344 3003 397 3046 ain
411 3013 449 3046 mo
474 3005 477 3056 l
502 3002 528 3047 in
541 3004 584 3048 illo

345 3055 534 3110 ndenegabitur
616 3065 641 3102 12
671 3069 716 3102 uae
742 3059 745 3112 Ι
772 3079 795 3090 -
810 3067 854 3103 vos
869 3058 895 3101 2⁰

346 3115 409 3159 13>
427 3109 528 3162 quidet
615 3117 641 3154 14
655 3071 711 3167 {m
727 3111 773 3156 dix.
790 3114 811 3154 ei

637 3191 676 3235 186
