2275 3434
240 170 381 238 Sao—51.
455 170 654 227 SECVNDVM
678 168 854 225 ΙΟΑΝΝΕΜ.

292 331 380 387 Pater
404 336 503 387 noster
520 332 666 387 Abraham
691 335 743 386 est.
781 330 859 385 Dicit
883 329 923 383 eis
939 328 1053 382 lesus:

294 411 325 467 Si
350 413 401 467 filii
418 414 551 468 Abrahae
576 413 661 480 estis,
683 428 775 481 opera
792 411 923 465 Abrahm
940 408 1051 464 facite.

239 496 275 546 40
293 493 375 548 Nunc
389 498 486 549 autem
498 494 636 564 quaeritis
649 510 695 549 me
706 493 876 560 interficere,
887 489 1051 555 hominem,

292 574 342 643 qui
361 574 512 629 veritatem
529 574 612 629 vobis
625 575 739 629 locutus
753 590 826 640 sum,
845 588 929 642 quam
942 569 1051 625 nadivi

138 671 170 707 en
181 674 228 715 an.
239 656 272 707 41
293 671 312 709 a
330 656 405 710 Deo:
431 655 485 709 hoc
504 656 648 709 Abraham
672 670 730 709 non
752 652 831 708 iecit.
868 651 925 707 Vos
941 651 1049 705 facitis

90 716 116 752 Β*
128 720 168 761 ²³’⁸
180 718 229 752 ω’·
294 752 381 804 opera
399 736 491 805 patris
509 735 607 790 vestri.
645 734 786 788 Dixcmnt
804 734 903 803 itaque
921 732 960 787 ei:
979 730 1048 786 Nos

293 832 329 869 ex
344 815 532 871 fornicatione
544 832 603 870 non
617 831 718 869 snmus
732 814 807 868 nati:
826 830 915 867 unum
928 814 1047 882 patrem

168 896 432 958 candicensium
461 896 561 951 Deum.
605 895 686 950 Dixit
716 911 784 964 ergo
812 894 854 948 eis
881 893 973 947 Iesus:
1011 891 1047 946 Si

293 977 372 1031 Deus
385 981 470 1047 pater
482 982 580 1032 vester
593 979 684 1031 esset:
704 974 860 1044 diligeretis
874 974 971 1043 utique
983 988 1044 1027 me

222 1078 225 1080 ·
294 1074 347 1127 ego
373 1058 448 1113 enim
474 1074 510 1112 ex
533 1058 595 1112 Deo
619 1055 763 1126 processi,
789 1058 819 1109 et
843 1054 924 1108 veni:
948 1069 1044 1123 neque

171 1158 229 1200 aaa.
239 1140 275 1191 43
294 1138 369 1192 enim
382 1154 401 1191 a
415 1154 460 1193 me
475 1138 538 1207 ipso
553 1137 628 1205 veni,
646 1136 698 1191 sed
712 1136 759 1189 ilie
772 1150 818 1189 me
831 1134 920 1190 misit.
946 1133 1043 1204 Quare

71 1202 230 1289 Μ’Μὸἔθὲῖῗζ
293 1218 435 1287 loquelam
460 1234 554 1272 meam
579 1234 637 1272 non
661 1215 854 1286 cognoscitis?
890 1213 967 1284 Quia
983 1230 1042 1268 non

107 1302 275 1358 icae-rodi
294 1298 416 1367 potestis
449 1297 548 1352 andire
579 1313 741 1353 sermonem
772 1312 876 1350 meum
919 1294 978 1349 Vos
1005 1310 1041 1347 ex

146 1361 229 1449 2⁰32}ss
293 1381 375 1447 patre
395 1377 507 1433 diabolo
527 1379 612 1433 estis:
632 1381 662 1432 et
681 1376 824 1431 desideria
841 1376 935 1445 patris
952 1374 1039 1429 vestri

293 1459 380 1513 vultis
400 1458 503 1513 iacere.
531 1459 578 1513 iile
596 1457 739 1513 homicida
757 1460 821 1511 erat
839 1456 876 1509 ab
895 1456 992 1523 initio,
1010 1459 1039 1509 ei

242 1570 245 1577 ι
293 1539 322 1594 in
347 1540 470 1595 veritate
495 1556 552 1595 non
577 1538 674 1593 stetit:
701 1538 769 1607 quia
792 1553 850 1591 non
869 1540 917 1591 est
935 1537 1037 1591 veritas

293 1621 322 1675 in
342 1637 389 1675 eo:
416 1637 481 1674 cum
499 1620 625 1689 loquitur
642 1618 838 1685 mendacium,
865 1633 901 1672 ex
920 1617 1036 1688 propriis

144 1704 274 1769 named
293 1702 426 1771 loquitur,
444 1700 513 1769 quia
531 1698 656 1754 mendax
670 1702 723 1766 esi,
742 1702 772 1753 ei
784 1701 868 1767 pater
881 1699 954 1753 eiua
980 1697 1036 1767 Ego

292 1786 390 1836 autem
416 1781 440 1835 si
466 1780 618 1835 veritatem
644 1778 722 1846 dico,
746 1795 804 1833 non
827 1777 947 1834 creditis
964 1778 1036 1833 mihi.

130 1864 274 1925 exsaniss
295 1861 382 1932 ¹Quis
407 1878 442 1915 ex
468 1860 550 1915 vobis
572 1861 676 1929 argurei
700 1876 746 1913 me
770 1858 806 1913 de
831 1861 976 1927 peccato?
1009 1858 1036 1913 si

134 1930 143 1959 ¹
155 1927 228 1969 ΡΨ·
292 1942 443 1997 veritatem
458 1940 522 1995 dico
537 1940 628 2007 vohis,
645 1956 735 2009 quare
750 1956 808 1993 non
820 1938 942 1993 creditis
955 1940 1037 1994 mihi?

171 2028 272 2084 maci?
295 2022 365 2092 'Qui
385 2038 420 2077 ex
436 2022 497 2076 Deo
517 2025 571 2089 est,
590 2020 679 2075 verba
695 2018 748 2073 Dei
767 2018 856 2075 audin
883 2019 1040 2091 Propterea

146 2086 228 2161 ιω·
292 2120 344 2157 vos
376 2119 433 2157 non
466 2100 585 2168 audine,
616 2100 686 2170 qriia
718 2116 753 2154 ex
785 2100 847 2153 Deo
874 2116 934 2154 non
962 2101 1039 2155 estis.

70 2205 116 2245 an.
130 2188 274 2247 u0a‚21..48
292 2182 510 2252 Responderunt
539 2198 607 2251 ergo
634 2180 748 2248 Iudaei,
781 2184 810 2235 et
838 2180 974 2237 dixeruni
1002 2182 1039 2236 ei:

292 2263 392 2317 Nonne
418 2262 491 2316 bene
519 2260 640 2316 dicimus
667 2278 721 2316 nos
748 2262 815 2331 quia
840 2260 1040 2317 Samaritanus

238 2348 273 2398 49
293 2360 324 2397 es
360 2348 407 2411 iu,
444 2346 474 2397 ei
506 2342 687 2397 daemonium
719 2341 832 2396 habes?
882 2341 1041 2412 Respondit

292 2424 389 2479 Iesus:
433 2423 493 2493 Ego
531 2423 711 2477 daemonium
748 2439 805 2477 non
841 2422 953 2478 haheo:
991 2424 1040 2479 aed

292 2504 446 2559 honorifico
479 2504 595 2558 Patrem
630 2519 740 2570 meum,
777 2507 807 2557 et
839 2519 890 2557 vos
922 2504 1040 2560 inhonc

180 2588 273 2648 aedi)
291 2585 379 2639 rastis
415 2602 468 2639 me.
520 2584 581 2653 Ego
616 2586 714 2637 autem
751 2600 808 2638 non
842 2600 949 2652 quaero
983 2586 1039 2655 gio·

291 2665 363 2719 riam
395 2681 502 2719 meam:
537 2668 582 2719 est
614 2664 663 2733 qui
695 2666 831 2733 quaerat,
862 2667 892 2718 et
924 2665 1038 2721 iudicet

80 2768 130 2808 aaa
146 2750 269 2844 33⁴2i⁴⁷³5¹
290 2746 396 2813 Amen,
423 2761 504 2799 amen
531 2743 595 2797 dico
618 2744 715 2798 vobis:
742 2745 766 2796 si
791 2743 854 2812 quis
878 2760 1037 2800 sermonem

170 2834 204 2853 ,η
969 2855 973 2859 ,

344 2931 512 2986 ιρξιηοίρεο
593 2931 750 2985 45si1quia

343 2992 369 3027 ro
383 2985 465 3039 arguit
490 2986 493 3039 Ι
520 3006 542 3019 -
558 2986 630 3031 vobis
656 2989 659 3039 Ι
685 2996 759 3040 quare
772 2995 818 3029 vos

344 3045 369 3081 47
386 3043 408 3089 >
425 3041 463 3083 est
477 3050 506 3083 ex
520 3040 564 3083 deo
646 3047 673 3083 43
686 3050 749 3094 resp.
764 3039 841 3093 igitur

343 3100 369 3135 4⁹
383 3094 535 3137 inhonoratis

345 3153 370 3189 50
384 3147 479 3201 quaerit
494 3151 518 3191 et
531 3148 623 3192 iudicat

634 3228 675 3272 218
