<?xml version="1.0" encoding="UTF-8"?>
<!DOCTYPE html PUBLIC "-//W3C//DTD XHTML 1.0 Transitional//EN"
    "http://www.w3.org/TR/xhtml1/DTD/xhtml1-transitional.dtd">
<html xmlns="http://www.w3.org/1999/xhtml" xml:lang="en" lang="en">
 <head>
  <title>
</title>
<meta http-equiv="Content-Type" content="text/html;charset=utf-8" />
  <meta name='ocr-system' content='tesseract 3.04.00' />
  <meta name='ocr-capabilities' content='ocr_page ocr_carea ocr_par ocr_line ocrx_word'/>
</head>
<body>
  <div class='ocr_page' id='page_1' title='image "./novumtestamentu01nestgoog_0587.png"; bbox 0 0 2275 3434; ppageno 0'>
   <div class='ocr_carea' id='block_1_1' title="bbox 344 158 902 252">
    <p class='ocr_par' dir='ltr' id='par_1_1' title="bbox 344 158 902 252">
     <span class='ocr_line' id='line_1_1' title="bbox 344 158 902 252; baseline -0.002 -36"><span class='ocrx_word' id='word_1_1' title='bbox 344 160 396 216; x_wconf 86' lang='lat' dir='ltr'>AD</span> <span class='ocrx_word' id='word_1_2' title='bbox 419 158 625 252; x_wconf 82' lang='lat' dir='ltr'><strong>HEBRAEOS.</strong></span> <span class='ocrx_word' id='word_1_3' title='bbox 716 161 902 230; x_wconf 80' lang='lat'>10,30-11,4.</span> 
     </span>
    </p>
   </div>
   <div class='ocr_carea' id='block_1_2' title="bbox 24 319 1095 2800">
    <p class='ocr_par' dir='ltr' id='par_1_2' title="bbox 58 319 1039 552">
     <span class='ocr_line' id='line_1_2' title="bbox 58 319 1039 391; baseline 0 -17"><span class='ocrx_word' id='word_1_4' title='bbox 58 327 90 374; x_wconf 73' lang='grc'>78</span> <span class='ocrx_word' id='word_1_5' title='bbox 100 319 212 391; x_wconf 84' lang='lat' dir='ltr'>gratiae</span> <span class='ocrx_word' id='word_1_6' title='bbox 244 321 445 376; x_wconf 87' lang='lat' dir='ltr'>contumeliam</span> <span class='ocrx_word' id='word_1_7' title='bbox 478 321 599 377; x_wconf 80' lang='lat' dir='ltr'>fecerit?</span> <span class='ocrx_word' id='word_1_8' title='bbox 634 321 746 377; x_wconf 80' lang='lat' dir='ltr'>Scimus</span> <span class='ocrx_word' id='word_1_9' title='bbox 774 322 849 377; x_wconf 89' lang='lat' dir='ltr'>enim</span> <span class='ocrx_word' id='word_1_10' title='bbox 869 325 1039 379; x_wconf 64' lang='lat' dir='ltr'>itomanam.</span> 
     </span>
     <span class='ocr_line' id='line_1_3' title="bbox 100 385 1018 472; baseline 0.001 -16"><span class='ocrx_word' id='word_1_11' title='bbox 100 401 149 471; x_wconf 89' lang='lat' dir='ltr'>qui</span> <span class='ocrx_word' id='word_1_12' title='bbox 168 401 254 456; x_wconf 83' lang='lat' dir='ltr'><strong>dixit:</strong></span> <span class='ocrx_word' id='word_1_13' title='bbox 273 401 341 456; x_wconf 86' lang='lat' dir='ltr'>Mihi</span> <span class='ocrx_word' id='word_1_14' title='bbox 354 402 490 470; x_wconf 88' lang='lat' dir='ltr'>vindicta,</span> <span class='ocrx_word' id='word_1_15' title='bbox 509 406 539 457; x_wconf 92' lang='lat' dir='ltr'>et</span> <span class='ocrx_word' id='word_1_16' title='bbox 553 418 607 472; x_wconf 87' lang='lat' dir='ltr'>ego</span> <span class='ocrx_word' id='word_1_17' title='bbox 621 403 785 458; x_wconf 88' lang='lat' dir='ltr'>retribuam.</span> <span class='ocrx_word' id='word_1_18' title='bbox 813 401 850 458; x_wconf 82' lang='lat' dir='ltr'>Et</span> <span class='ocrx_word' id='word_1_19' title='bbox 878 453 879 460; x_wconf 73' lang='grc'>,</span> <span class='ocrx_word' id='word_1_20' title='bbox 912 385 1018 472; x_wconf 43' lang='lat' dir='ltr'>ibiibi*</span> 
     </span>
     <span class='ocr_line' id='line_1_4' title="bbox 100 482 847 552; baseline 0 -16"><span class='ocrx_word' id='word_1_21' title='bbox 100 483 216 537; x_wconf 88' lang='lat' dir='ltr'>iterum:</span> <span class='ocrx_word' id='word_1_22' title='bbox 227 482 303 552; x_wconf 82' lang='lat' dir='ltr'>Quia</span> <span class='ocrx_word' id='word_1_23' title='bbox 313 482 451 538; x_wconf 85' lang='lat' dir='ltr'>iudicabit</span> <span class='ocrx_word' id='word_1_24' title='bbox 459 482 600 538; x_wconf 83' lang='lat' dir='ltr'>Dominus</span> <span class='ocrx_word' id='word_1_25' title='bbox 609 484 746 552; x_wconf 91' lang='lat' dir='ltr'>populum</span> <span class='ocrx_word' id='word_1_26' title='bbox 756 500 847 538; x_wconf 86' lang='lat' dir='ltr'>suum.</span> 
     </span>
    </p>

    <p class='ocr_par' dir='ltr' id='par_1_3' title="bbox 58 562 1022 1275">
     <span class='ocr_line' id='line_1_5' title="bbox 58 562 970 623; baseline 0 -7"><span class='ocrx_word' id='word_1_27' title='bbox 58 571 89 616; x_wconf 80' lang='lat'>79</span> <span class='ocrx_word' id='word_1_28' title='bbox 98 562 278 618; x_wconf 89' lang='lat' dir='ltr'>Horrendum</span> <span class='ocrx_word' id='word_1_29' title='bbox 294 565 339 617; x_wconf 90' lang='lat' dir='ltr'>est</span> <span class='ocrx_word' id='word_1_30' title='bbox 355 562 479 618; x_wconf 91' lang='lat' dir='ltr'>incidere</span> <span class='ocrx_word' id='word_1_31' title='bbox 492 563 522 617; x_wconf 92' lang='lat' dir='ltr'>in</span> <span class='ocrx_word' id='word_1_32' title='bbox 536 580 638 620; x_wconf 86' lang='lat' dir='ltr'>manus</span> <span class='ocrx_word' id='word_1_33' title='bbox 648 563 701 618; x_wconf 92' lang='lat' dir='ltr'>Dei</span> <span class='ocrx_word' id='word_1_34' title='bbox 716 563 847 619; x_wconf 89' lang='lat' dir='ltr'>viventis.</span> <span class='ocrx_word' id='word_1_35' title='bbox 868 565 901 617; x_wconf 86' lang='lat'>31</span> <span class='ocrx_word' id='word_1_36' title='bbox 914 583 970 623; x_wconf 65' lang='lat' dir='ltr'>oro.</span> 
     </span>
     <span class='ocr_line' id='line_1_6' title="bbox 98 643 948 714; baseline -0.002 -16"><span class='ocrx_word' id='word_1_37' title='bbox 98 643 336 698; x_wconf 83' lang='lat' dir='ltr'>Rememoramini</span> <span class='ocrx_word' id='word_1_38' title='bbox 351 648 447 699; x_wconf 89' lang='lat' dir='ltr'>autem</span> <span class='ocrx_word' id='word_1_39' title='bbox 461 643 599 713; x_wconf 86' lang='lat' dir='ltr'>pristinos</span> <span class='ocrx_word' id='word_1_40' title='bbox 614 643 684 711; x_wconf 79' lang='lat' dir='ltr'>dica,</span> <span class='ocrx_word' id='word_1_41' title='bbox 701 644 729 699; x_wconf 90' lang='lat' dir='ltr'>in</span> <span class='ocrx_word' id='word_1_42' title='bbox 744 644 848 714; x_wconf 90' lang='lat' dir='ltr'>quibus</span> <span class='ocrx_word' id='word_1_43' title='bbox 868 646 902 696; x_wconf 73' lang='lat'>32</span> <span class='ocrx_word' id='word_1_44' title='bbox 912 663 948 704; x_wconf 59' lang='lat' dir='ltr'>aa.</span> 
     </span>
     <span class='ocr_line' id='line_1_7' title="bbox 98 723 848 794; baseline 0.001 -17"><span class='ocrx_word' id='word_1_45' title='bbox 98 723 258 791; x_wconf 88' lang='lat' dir='ltr'>illuminati,</span> <span class='ocrx_word' id='word_1_46' title='bbox 276 740 412 794; x_wconf 81' lang='lat' dir='ltr'>magnum</span> <span class='ocrx_word' id='word_1_47' title='bbox 425 728 571 779; x_wconf 90' lang='lat' dir='ltr'>certamen</span> <span class='ocrx_word' id='word_1_48' title='bbox 585 724 763 780; x_wconf 84' lang='lat' dir='ltr'>sustinuistis</span> <span class='ocrx_word' id='word_1_49' title='bbox 782 741 848 794; x_wconf 86' lang='lat' dir='ltr'>pas-</span> 
     </span>
     <span class='ocr_line' id='line_1_8' title="bbox 98 803 998 874; baseline 0 -17"><span class='ocrx_word' id='word_1_50' title='bbox 98 804 226 860; x_wconf 90' lang='lat' dir='ltr'>sionum:</span> <span class='ocrx_word' id='word_1_51' title='bbox 252 808 282 859; x_wconf 90' lang='lat' dir='ltr'>et</span> <span class='ocrx_word' id='word_1_52' title='bbox 306 804 336 858; x_wconf 92' lang='lat' dir='ltr'>in</span> <span class='ocrx_word' id='word_1_53' title='bbox 361 805 453 860; x_wconf 84' lang='lat' dir='ltr'>altero</span> <span class='ocrx_word' id='word_1_54' title='bbox 476 803 592 874; x_wconf 88' lang='lat' dir='ltr'>quidem</span> <span class='ocrx_word' id='word_1_55' title='bbox 617 804 793 874; x_wconf 71' lang='lat' dir='ltr'>opprobriisi,</span> <span class='ocrx_word' id='word_1_56' title='bbox 819 808 848 858; x_wconf 91' lang='lat' dir='ltr'>et</span> <span class='ocrx_word' id='word_1_57' title='bbox 867 807 998 865; x_wconf 73' lang='lat' dir='ltr'>33iiic,9.</span> 
     </span>
     <span class='ocr_line' id='line_1_9' title="bbox 98 884 847 954; baseline 0.003 -16"><span class='ocrx_word' id='word_1_58' title='bbox 98 884 331 939; x_wconf 88' lang='lat' dir='ltr'>tribulationibus</span> <span class='ocrx_word' id='word_1_59' title='bbox 359 885 555 954; x_wconf 79' lang='lat' dir='ltr'>spectaculum</span> <span class='ocrx_word' id='word_1_60' title='bbox 583 885 668 940; x_wconf 82' lang='lat' dir='ltr'>sacti:</span> <span class='ocrx_word' id='word_1_61' title='bbox 702 885 732 938; x_wconf 91' lang='lat' dir='ltr'>in</span> <span class='ocrx_word' id='word_1_62' title='bbox 757 885 847 940; x_wconf 89' lang='lat' dir='ltr'>altero</span> 
     </span>
     <span class='ocr_line' id='line_1_10' title="bbox 98 965 1002 1026; baseline -0.003 -8"><span class='ocrx_word' id='word_1_63' title='bbox 98 968 195 1019; x_wconf 90' lang='lat' dir='ltr'>autem</span> <span class='ocrx_word' id='word_1_64' title='bbox 205 965 277 1019; x_wconf 89' lang='lat' dir='ltr'>socii</span> <span class='ocrx_word' id='word_1_65' title='bbox 290 965 387 1020; x_wconf 89' lang='lat' dir='ltr'>taliter</span> <span class='ocrx_word' id='word_1_66' title='bbox 396 965 628 1020; x_wconf 80' lang='lat' dir='ltr'>conversantium</span> <span class='ocrx_word' id='word_1_67' title='bbox 643 965 747 1020; x_wconf 82' lang='lat' dir='ltr'>effecti.</span> <span class='ocrx_word' id='word_1_68' title='bbox 776 965 847 1020; x_wconf 86' lang='lat' dir='ltr'>Nam</span> <span class='ocrx_word' id='word_1_69' title='bbox 867 968 902 1019; x_wconf 85' lang='lat'>34</span> <span class='ocrx_word' id='word_1_70' title='bbox 912 983 939 1017; x_wconf 77' lang='lat' dir='ltr'>in</span> <span class='ocrx_word' id='word_1_71' title='bbox 951 985 1002 1026; x_wconf 58' lang='lat' dir='ltr'>am</span> 
     </span>
     <span class='ocr_line' id='line_1_11' title="bbox 97 1030 1022 1114; baseline 0.001 -15"><span class='ocrx_word' id='word_1_72' title='bbox 97 1047 128 1099; x_wconf 92' lang='lat' dir='ltr'>et</span> <span class='ocrx_word' id='word_1_73' title='bbox 146 1045 252 1100; x_wconf 87' lang='lat' dir='ltr'>vinctis</span> <span class='ocrx_word' id='word_1_74' title='bbox 266 1045 411 1114; x_wconf 85' lang='lat' dir='ltr'>compassi</span> <span class='ocrx_word' id='word_1_75' title='bbox 425 1045 505 1113; x_wconf 79' lang='lat' dir='ltr'>aetia,</span> <span class='ocrx_word' id='word_1_76' title='bbox 520 1049 549 1100; x_wconf 92' lang='lat' dir='ltr'>et</span> <span class='ocrx_word' id='word_1_77' title='bbox 562 1045 694 1114; x_wconf 84' lang='lat' dir='ltr'>rapinam</span> <span class='ocrx_word' id='word_1_78' title='bbox 709 1047 847 1101; x_wconf 90' lang='lat' dir='ltr'>bonorum</span> <span class='ocrx_word' id='word_1_79' title='bbox 935 1031 982 1070; x_wconf 57' lang='lat'>¹⁹³¹</span> <span class='ocrx_word' id='word_1_80' title='bbox 994 1030 1022 1063; x_wconf 78' lang='lat'>²³·</span> 
     </span>
     <span class='ocr_line' id='line_1_12' title="bbox 97 1125 848 1196; baseline 0.001 -16"><span class='ocrx_word' id='word_1_81' title='bbox 97 1129 258 1180; x_wconf 88' lang='lat' dir='ltr'>vestrorum</span> <span class='ocrx_word' id='word_1_82' title='bbox 278 1142 343 1180; x_wconf 93' lang='lat' dir='ltr'>cum</span> <span class='ocrx_word' id='word_1_83' title='bbox 355 1125 461 1194; x_wconf 82' lang='lat' dir='ltr'>gaudio</span> <span class='ocrx_word' id='word_1_84' title='bbox 476 1125 655 1196; x_wconf 76' lang='lat' dir='ltr'>suscepistiS,</span> <span class='ocrx_word' id='word_1_85' title='bbox 675 1143 848 1195; x_wconf 80' lang='lat' dir='ltr'>cognoscen-</span> 
     </span>
     <span class='ocr_line' id='line_1_13' title="bbox 97 1205 848 1275; baseline -0.001 -14"><span class='ocrx_word' id='word_1_86' title='bbox 97 1209 143 1261; x_wconf 85' lang='lat' dir='ltr'>tes</span> <span class='ocrx_word' id='word_1_87' title='bbox 162 1221 214 1260; x_wconf 85' lang='lat' dir='ltr'>vos</span> <span class='ocrx_word' id='word_1_88' title='bbox 232 1205 339 1260; x_wconf 86' lang='lat' dir='ltr'>habere</span> <span class='ocrx_word' id='word_1_89' title='bbox 356 1206 517 1275; x_wconf 88' lang='lat' dir='ltr'>meliorem,</span> <span class='ocrx_word' id='word_1_90' title='bbox 544 1210 573 1260; x_wconf 92' lang='lat' dir='ltr'>et</span> <span class='ocrx_word' id='word_1_91' title='bbox 597 1211 761 1261; x_wconf 89' lang='lat' dir='ltr'>manentem</span> <span class='ocrx_word' id='word_1_92' title='bbox 781 1207 848 1260; x_wconf 88' lang='lat' dir='ltr'>sub·</span> 
     </span>
    </p>

    <p class='ocr_par' dir='ltr' id='par_1_4' title="bbox 24 1285 1095 1983">
     <span class='ocr_line' id='line_1_14' title="bbox 24 1285 958 1357; baseline -0.006 -13"><span class='ocrx_word' id='word_1_93' title='bbox 24 1301 49 1344; x_wconf 53' lang='lat' dir='ltr'>ut</span> <span class='ocrx_word' id='word_1_94' title='bbox 60 1285 247 1346; x_wconf 82' lang='lat' dir='ltr'>sostantiam.</span> <span class='ocrx_word' id='word_1_95' title='bbox 274 1285 368 1341; x_wconf 88' lang='lat' dir='ltr'>Nolite</span> <span class='ocrx_word' id='word_1_96' title='bbox 386 1286 484 1357; x_wconf 85' lang='lat' dir='ltr'>itaque</span> <span class='ocrx_word' id='word_1_97' title='bbox 501 1287 633 1342; x_wconf 88' lang='lat' dir='ltr'>amittere</span> <span class='ocrx_word' id='word_1_98' title='bbox 647 1285 846 1343; x_wconf 88' lang='lat' dir='ltr'>confidentiam</span> <span class='ocrx_word' id='word_1_99' title='bbox 866 1289 901 1341; x_wconf 81' lang='lat'>35</span> <span class='ocrx_word' id='word_1_100' title='bbox 912 1307 958 1347; x_wconf 69' lang='lat' dir='ltr'>up.</span> 
     </span>
     <span class='ocr_line' id='line_1_15' title="bbox 96 1367 1095 1445; baseline 0.001 -23"><span class='ocrx_word' id='word_1_101' title='bbox 96 1371 232 1435; x_wconf 83' lang='lat' dir='ltr'>vestram,</span> <span class='ocrx_word' id='word_1_102' title='bbox 247 1384 322 1437; x_wconf 87' lang='lat' dir='ltr'>quae</span> <span class='ocrx_word' id='word_1_103' title='bbox 331 1384 466 1436; x_wconf 84' lang='lat' dir='ltr'>magnam</span> <span class='ocrx_word' id='word_1_104' title='bbox 478 1367 566 1422; x_wconf 87' lang='lat' dir='ltr'>habet</span> <span class='ocrx_word' id='word_1_105' title='bbox 580 1367 846 1423; x_wconf 89' lang='lat' dir='ltr'>remunerationem.</span> <span class='ocrx_word' id='word_1_106' title='bbox 1092 1432 1095 1445; x_wconf 36' lang='grc'>1</span> 
     </span>
     <span class='ocr_line' id='line_1_16' title="bbox 95 1447 1058 1509; baseline -0.003 -7"><span class='ocrx_word' id='word_1_107' title='bbox 95 1448 243 1503; x_wconf 83' lang='lat' dir='ltr'>Patientia</span> <span class='ocrx_word' id='word_1_108' title='bbox 258 1449 334 1502; x_wconf 90' lang='lat' dir='ltr'>enim</span> <span class='ocrx_word' id='word_1_109' title='bbox 347 1447 430 1502; x_wconf 88' lang='lat' dir='ltr'>vobis</span> <span class='ocrx_word' id='word_1_110' title='bbox 444 1448 609 1502; x_wconf 87' lang='lat' dir='ltr'>necessaria</span> <span class='ocrx_word' id='word_1_111' title='bbox 623 1452 682 1503; x_wconf 84' lang='lat' dir='ltr'>est:</span> <span class='ocrx_word' id='word_1_112' title='bbox 702 1452 735 1503; x_wconf 89' lang='lat' dir='ltr'>ut</span> <span class='ocrx_word' id='word_1_113' title='bbox 748 1449 846 1503; x_wconf 89' lang='lat' dir='ltr'>volun·</span> <span class='ocrx_word' id='word_1_114' title='bbox 866 1451 900 1502; x_wconf 90' lang='lat'>36</span> <span class='ocrx_word' id='word_1_115' title='bbox 910 1467 957 1508; x_wconf 75' lang='lat' dir='ltr'>mr.</span> <span class='ocrx_word' id='word_1_116' title='bbox 973 1465 989 1498; x_wconf 78' lang='grc' dir='ltr'>ι,</span> <span class='ocrx_word' id='word_1_117' title='bbox 1000 1466 1058 1509; x_wconf 66' lang='lat' dir='ltr'>ripe.</span> 
     </span>
     <span class='ocr_line' id='line_1_17' title="bbox 95 1528 845 1598; baseline 0 -15"><span class='ocrx_word' id='word_1_118' title='bbox 95 1532 188 1583; x_wconf 85' lang='lat' dir='ltr'>tatem</span> <span class='ocrx_word' id='word_1_119' title='bbox 207 1528 261 1583; x_wconf 92' lang='lat' dir='ltr'>Dei</span> <span class='ocrx_word' id='word_1_120' title='bbox 280 1528 429 1596; x_wconf 81' lang='lat' dir='ltr'>facientes,</span> <span class='ocrx_word' id='word_1_121' title='bbox 447 1528 600 1598; x_wconf 83' lang='lat' dir='ltr'>reportetis</span> <span class='ocrx_word' id='word_1_122' title='bbox 619 1529 845 1598; x_wconf 87' lang='lat' dir='ltr'>promissionem.</span> 
     </span>
     <span class='ocr_line' id='line_1_18' title="bbox 131 1607 1046 1678; baseline -0.003 -15"><span class='ocrx_word' id='word_1_123' title='bbox 131 1608 234 1663; x_wconf 88' lang='lat' dir='ltr'>Adhuc</span> <span class='ocrx_word' id='word_1_124' title='bbox 252 1608 326 1663; x_wconf 90' lang='lat' dir='ltr'>enim</span> <span class='ocrx_word' id='word_1_125' title='bbox 345 1607 488 1663; x_wconf 89' lang='lat' dir='ltr'>modicum</span> <span class='ocrx_word' id='word_1_126' title='bbox 507 1609 722 1678; x_wconf 89' lang='lat' dir='ltr'>aliquantulum,</span> <span class='ocrx_word' id='word_1_127' title='bbox 865 1612 899 1664; x_wconf 84' lang='lat'>37</span> <span class='ocrx_word' id='word_1_128' title='bbox 910 1628 938 1659; x_wconf 72' lang='lat' dir='ltr'>u.</span> <span class='ocrx_word' id='word_1_129' title='bbox 957 1627 976 1660; x_wconf 80' lang='lat' dir='ltr'>n</span> <span class='ocrx_word' id='word_1_130' title='bbox 988 1629 1046 1668; x_wconf 60' lang='lat' dir='ltr'>repo.</span> 
     </span>
     <span class='ocr_line' id='line_1_19' title="bbox 169 1671 1068 1759; baseline 0.007 -15"><span class='ocrx_word' id='word_1_131' title='bbox 169 1689 217 1759; x_wconf 87' lang='lat' dir='ltr'>qui</span> <span class='ocrx_word' id='word_1_132' title='bbox 233 1693 371 1744; x_wconf 89' lang='lat' dir='ltr'>venturus</span> <span class='ocrx_word' id='word_1_133' title='bbox 390 1693 444 1756; x_wconf 89' lang='lat' dir='ltr'>est,</span> <span class='ocrx_word' id='word_1_134' title='bbox 463 1689 566 1755; x_wconf 85' lang='lat' dir='ltr'>veniet,</span> <span class='ocrx_word' id='word_1_135' title='bbox 587 1691 616 1743; x_wconf 90' lang='lat' dir='ltr'>et</span> <span class='ocrx_word' id='word_1_136' title='bbox 634 1706 690 1744; x_wconf 91' lang='lat' dir='ltr'>non</span> <span class='ocrx_word' id='word_1_137' title='bbox 709 1688 845 1744; x_wconf 87' lang='lat' dir='ltr'>tardabit.</span> <span class='ocrx_word' id='word_1_138' title='bbox 909 1671 1068 1758; x_wconf 57' lang='lat' dir='ltr'>illibati.</span> 
     </span>
     <span class='ocr_line' id='line_1_20' title="bbox 60 1768 1068 1828; baseline -0.005 -2"><span class='ocrx_word' id='word_1_139' title='bbox 60 1782 86 1826; x_wconf 86' lang='lat'>81</span> <span class='ocrx_word' id='word_1_140' title='bbox 131 1769 228 1823; x_wconf 90' lang='lat' dir='ltr'>iustus</span> <span class='ocrx_word' id='word_1_141' title='bbox 248 1773 344 1824; x_wconf 89' lang='lat' dir='ltr'>autem</span> <span class='ocrx_word' id='word_1_142' title='bbox 362 1785 443 1822; x_wconf 91' lang='lat' dir='ltr'>meus</span> <span class='ocrx_word' id='word_1_143' title='bbox 463 1784 498 1822; x_wconf 85' lang='lat' dir='ltr'>ex</span> <span class='ocrx_word' id='word_1_144' title='bbox 517 1768 573 1822; x_wconf 88' lang='lat' dir='ltr'>fide</span> <span class='ocrx_word' id='word_1_145' title='bbox 592 1768 671 1823; x_wconf 92' lang='lat' dir='ltr'>vivit.</span> <span class='ocrx_word' id='word_1_146' title='bbox 865 1773 900 1824; x_wconf 86' lang='grc'>38</span> <span class='ocrx_word' id='word_1_147' title='bbox 911 1787 940 1819; x_wconf 74' lang='lat' dir='ltr'>nb</span> <span class='ocrx_word' id='word_1_148' title='bbox 951 1789 987 1828; x_wconf 63' lang='lat' dir='ltr'>aa.</span> <span class='ocrx_word' id='word_1_149' title='bbox 998 1787 1068 1828; x_wconf 64' lang='lat' dir='ltr'>rin.</span> 
     </span>
     <span class='ocr_line' id='line_1_21' title="bbox 168 1829 986 1918; baseline 0 -16"><span class='ocrx_word' id='word_1_150' title='bbox 168 1848 245 1918; x_wconf 83' lang='lat' dir='ltr'>quod</span> <span class='ocrx_word' id='word_1_151' title='bbox 264 1849 289 1902; x_wconf 91' lang='lat' dir='ltr'>si</span> <span class='ocrx_word' id='word_1_152' title='bbox 307 1847 483 1903; x_wconf 73' lang='lat' dir='ltr'>subtraxerit</span> <span class='ocrx_word' id='word_1_153' title='bbox 502 1863 547 1914; x_wconf 93' lang='lat' dir='ltr'>se,</span> <span class='ocrx_word' id='word_1_154' title='bbox 565 1864 623 1901; x_wconf 91' lang='lat' dir='ltr'>non</span> <span class='ocrx_word' id='word_1_155' title='bbox 635 1843 767 1918; x_wconf 74' lang='lat' dir='ltr'>&#39;placebit</span> <span class='ocrx_word' id='word_1_156' title='bbox 786 1847 845 1903; x_wconf 91' lang='lat' dir='ltr'>ani·</span> <span class='ocrx_word' id='word_1_157' title='bbox 910 1829 927 1862; x_wconf 55' lang='grc' dir='ltr'>ὓ</span> <span class='ocrx_word' id='word_1_158' title='bbox 939 1835 986 1873; x_wconf 74' lang='lat'>⁸³¹¹·</span> 
     </span>
     <span class='ocr_line' id='line_1_22' title="bbox 204 1944 377 1983; baseline -0.006 0"><span class='ocrx_word' id='word_1_159' title='bbox 204 1945 269 1983; x_wconf 89' lang='lat' dir='ltr'>mae</span> <span class='ocrx_word' id='word_1_160' title='bbox 287 1944 377 1983; x_wconf 88' lang='lat' dir='ltr'>meae.</span> 
     </span>
    </p>

    <p class='ocr_par' dir='ltr' id='par_1_5' title="bbox 62 2007 900 2160">
     <span class='ocr_line' id='line_1_23' title="bbox 62 2007 900 2066; baseline -0.001 -1"><span class='ocrx_word' id='word_1_161' title='bbox 62 2022 91 2066; x_wconf 81' lang='lat'>82</span> <span class='ocrx_word' id='word_1_162' title='bbox 100 2009 157 2065; x_wconf 88' lang='lat' dir='ltr'>Nos</span> <span class='ocrx_word' id='word_1_163' title='bbox 183 2012 279 2063; x_wconf 88' lang='lat' dir='ltr'>autem</span> <span class='ocrx_word' id='word_1_164' title='bbox 304 2026 361 2063; x_wconf 90' lang='lat' dir='ltr'>non</span> <span class='ocrx_word' id='word_1_165' title='bbox 387 2025 486 2063; x_wconf 90' lang='lat' dir='ltr'>sumus</span> <span class='ocrx_word' id='word_1_166' title='bbox 510 2007 717 2062; x_wconf 86' lang='lat' dir='ltr'>subtractionis</span> <span class='ocrx_word' id='word_1_167' title='bbox 743 2009 792 2063; x_wconf 85' lang='lat' dir='ltr'>tilii</span> <span class='ocrx_word' id='word_1_168' title='bbox 816 2009 845 2064; x_wconf 89' lang='lat' dir='ltr'>in</span> <span class='ocrx_word' id='word_1_169' title='bbox 865 2013 900 2064; x_wconf 85' lang='lat'>39</span> 
     </span>
     <span class='ocr_line' id='line_1_24' title="bbox 98 2087 848 2160; baseline -0.001 -15"><span class='ocrx_word' id='word_1_170' title='bbox 98 2089 295 2160; x_wconf 85' lang='lat' dir='ltr'>perditionem,</span> <span class='ocrx_word' id='word_1_171' title='bbox 306 2089 357 2143; x_wconf 92' lang='lat' dir='ltr'>sed</span> <span class='ocrx_word' id='word_1_172' title='bbox 367 2089 432 2143; x_wconf 79' lang='lat' dir='ltr'>ridel</span> <span class='ocrx_word' id='word_1_173' title='bbox 447 2090 476 2143; x_wconf 91' lang='lat' dir='ltr'>in</span> <span class='ocrx_word' id='word_1_174' title='bbox 491 2087 710 2158; x_wconf 84' lang='lat' dir='ltr'>acquisitionem</span> <span class='ocrx_word' id='word_1_175' title='bbox 725 2089 848 2144; x_wconf 62' lang='lat' dir='ltr'>animae:</span> 
     </span>
    </p>

    <p class='ocr_par' dir='ltr' id='par_1_6' title="bbox 60 2164 1057 2386">
     <span class='ocr_line' id='line_1_25' title="bbox 60 2164 1057 2239; baseline -0.003 -13"><span class='ocrx_word' id='word_1_176' title='bbox 60 2182 88 2227; x_wconf 86' lang='grc'>83</span> <span class='ocrx_word' id='word_1_177' title='bbox 168 2170 221 2224; x_wconf 89' lang='lat' dir='ltr'>Est</span> <span class='ocrx_word' id='word_1_178' title='bbox 240 2174 335 2224; x_wconf 89' lang='lat' dir='ltr'>autem</span> <span class='ocrx_word' id='word_1_179' title='bbox 355 2169 427 2224; x_wconf 88' lang='lat' dir='ltr'>fides</span> <span class='ocrx_word' id='word_1_180' title='bbox 450 2167 658 2239; x_wconf 86' lang='lat' dir='ltr'>sperandarum</span> <span class='ocrx_word' id='word_1_181' title='bbox 681 2169 846 2225; x_wconf 86' lang='lat' dir='ltr'>substantia</span> <span class='ocrx_word' id='word_1_182' title='bbox 867 2164 897 2234; x_wconf 86' lang='lat' dir='ltr'>ll</span> <span class='ocrx_word' id='word_1_183' title='bbox 909 2190 956 2231; x_wconf 63' lang='lat' dir='ltr'>an.</span> <span class='ocrx_word' id='word_1_184' title='bbox 969 2190 979 2221; x_wconf 77' lang='lat' dir='ltr'>r</span> <span class='ocrx_word' id='word_1_185' title='bbox 991 2189 1008 2222; x_wconf 84' lang='lat' dir='ltr'>n</span> <span class='ocrx_word' id='word_1_186' title='bbox 1020 2191 1057 2232; x_wconf 61' lang='lat' dir='ltr'>aa.</span> 
     </span>
     <span class='ocr_line' id='line_1_26' title="bbox 96 2248 881 2320; baseline -0.001 -15"><span class='ocrx_word' id='word_1_187' title='bbox 96 2268 206 2318; x_wconf 87' lang='lat' dir='ltr'>rerum,</span> <span class='ocrx_word' id='word_1_188' title='bbox 239 2254 437 2320; x_wconf 84' lang='lat' dir='ltr'>argumentum</span> <span class='ocrx_word' id='word_1_189' title='bbox 469 2267 526 2304; x_wconf 88' lang='lat' dir='ltr'>non</span> <span class='ocrx_word' id='word_1_190' title='bbox 559 2248 768 2318; x_wconf 89' lang='lat' dir='ltr'>apparentium.</span> <span class='ocrx_word' id='word_1_191' title='bbox 814 2250 881 2304; x_wconf 78' lang='lat' dir='ltr'>ln2</span> 
     </span>
     <span class='ocr_line' id='line_1_27' title="bbox 95 2329 845 2386; baseline -0.003 -1"><span class='ocrx_word' id='word_1_192' title='bbox 95 2333 151 2386; x_wconf 91' lang='lat' dir='ltr'>hac</span> <span class='ocrx_word' id='word_1_193' title='bbox 183 2331 259 2385; x_wconf 90' lang='lat' dir='ltr'>enim</span> <span class='ocrx_word' id='word_1_194' title='bbox 293 2330 488 2385; x_wconf 91' lang='lat' dir='ltr'>testimonium</span> <span class='ocrx_word' id='word_1_195' title='bbox 520 2329 668 2384; x_wconf 85' lang='lat' dir='ltr'>consecuti</span> <span class='ocrx_word' id='word_1_196' title='bbox 700 2333 768 2384; x_wconf 90' lang='lat' dir='ltr'>sunt</span> <span class='ocrx_word' id='word_1_197' title='bbox 802 2346 845 2383; x_wconf 88' lang='lat' dir='ltr'>se·</span> 
     </span>
    </p>

    <p class='ocr_par' dir='ltr' id='par_1_7' title="bbox 24 2409 969 2479">
     <span class='ocr_line' id='line_1_28' title="bbox 24 2409 969 2479; baseline -0.001 -16"><span class='ocrx_word' id='word_1_198' title='bbox 24 2419 158 2466; x_wconf 67' lang='lat' dir='ltr'>uisslnes.</span> <span class='ocrx_word' id='word_1_199' title='bbox 266 2410 335 2464; x_wconf 90' lang='lat' dir='ltr'>Fide</span> <span class='ocrx_word' id='word_1_200' title='bbox 360 2409 545 2479; x_wconf 71' lang='lat' dir='ltr'>intelligimus</span> <span class='ocrx_word' id='word_1_201' title='bbox 569 2412 671 2478; x_wconf 87' lang='lat' dir='ltr'>aptata</span> <span class='ocrx_word' id='word_1_202' title='bbox 696 2424 760 2462; x_wconf 87' lang='lat' dir='ltr'>esse</span> <span class='ocrx_word' id='word_1_203' title='bbox 783 2415 881 2464; x_wconf 88' lang='lat' dir='ltr'>sae-3</span> <span class='ocrx_word' id='word_1_204' title='bbox 910 2427 941 2462; x_wconf 69' lang='lat' dir='ltr'>on</span> <span class='ocrx_word' id='word_1_205' title='bbox 954 2432 969 2462; x_wconf 84' lang='grc' dir='ltr'>ι.</span> 
     </span>
    </p>

    <p class='ocr_par' dir='ltr' id='par_1_8' title="bbox 63 2489 845 2546">
     <span class='ocr_line' id='line_1_29' title="bbox 63 2489 845 2546; baseline 0.003 -4"><span class='ocrx_word' id='word_1_206' title='bbox 63 2535 67 2542; x_wconf 89' lang='grc'>.</span> <span class='ocrx_word' id='word_1_207' title='bbox 95 2493 162 2546; x_wconf 86' lang='lat' dir='ltr'>cula</span> <span class='ocrx_word' id='word_1_208' title='bbox 184 2491 271 2546; x_wconf 90' lang='lat' dir='ltr'>verbo</span> <span class='ocrx_word' id='word_1_209' title='bbox 294 2491 360 2545; x_wconf 90' lang='lat' dir='ltr'>Dei:</span> <span class='ocrx_word' id='word_1_210' title='bbox 386 2494 419 2545; x_wconf 92' lang='lat' dir='ltr'>ut</span> <span class='ocrx_word' id='word_1_211' title='bbox 445 2507 481 2545; x_wconf 83' lang='lat' dir='ltr'>ex</span> <span class='ocrx_word' id='word_1_212' title='bbox 505 2489 696 2545; x_wconf 90' lang='lat' dir='ltr'>invisibilibus</span> <span class='ocrx_word' id='word_1_213' title='bbox 722 2489 845 2546; x_wconf 89' lang='lat' dir='ltr'>visibilia</span> 
     </span>
    </p>

    <p class='ocr_par' dir='ltr' id='par_1_9' title="bbox 56 2570 1004 2800">
     <span class='ocr_line' id='line_1_30' title="bbox 56 2570 987 2640; baseline -0.002 -15"><span class='ocrx_word' id='word_1_214' title='bbox 56 2573 207 2628; x_wconf 84' lang='lat' dir='ltr'>85fierent.</span> <span class='ocrx_word' id='word_1_215' title='bbox 244 2570 313 2626; x_wconf 85' lang='lat' dir='ltr'>Fide</span> <span class='ocrx_word' id='word_1_216' title='bbox 335 2571 486 2640; x_wconf 88' lang='lat' dir='ltr'>plurimam</span> <span class='ocrx_word' id='word_1_217' title='bbox 504 2570 629 2626; x_wconf 90' lang='lat' dir='ltr'>hostiam</span> <span class='ocrx_word' id='word_1_218' title='bbox 647 2570 734 2636; x_wconf 86' lang='lat' dir='ltr'>Abel,</span> <span class='ocrx_word' id='word_1_219' title='bbox 759 2571 880 2638; x_wconf 71' lang='lat' dir='ltr'>quaml</span> <span class='ocrx_word' id='word_1_220' title='bbox 908 2587 987 2630; x_wconf 60' lang='lat' dir='ltr'>onia.</span> 
     </span>
     <span class='ocr_line' id='line_1_31' title="bbox 95 2635 1004 2721; baseline -0.004 -14"><span class='ocrx_word' id='word_1_221' title='bbox 95 2652 186 2720; x_wconf 89' lang='lat' dir='ltr'>Cain,</span> <span class='ocrx_word' id='word_1_222' title='bbox 215 2652 319 2707; x_wconf 89' lang='lat' dir='ltr'>obtulit</span> <span class='ocrx_word' id='word_1_223' title='bbox 347 2651 424 2718; x_wconf 92' lang='lat' dir='ltr'>Deo,</span> <span class='ocrx_word' id='word_1_224' title='bbox 450 2667 503 2721; x_wconf 91' lang='lat' dir='ltr'>per</span> <span class='ocrx_word' id='word_1_225' title='bbox 530 2668 617 2720; x_wconf 87' lang='lat' dir='ltr'>quam</span> <span class='ocrx_word' id='word_1_226' title='bbox 649 2650 845 2705; x_wconf 90' lang='lat' dir='ltr'>testimonium</span> <span class='ocrx_word' id='word_1_227' title='bbox 909 2635 1004 2676; x_wconf 46' lang='grc' dir='ltr'>ΨΜ·</span> 
     </span>
     <span class='ocr_line' id='line_1_32' title="bbox 95 2731 844 2800; baseline -0.004 -13"><span class='ocrx_word' id='word_1_228' title='bbox 95 2736 268 2787; x_wconf 89' lang='lat' dir='ltr'>consecutus</span> <span class='ocrx_word' id='word_1_229' title='bbox 310 2736 355 2786; x_wconf 88' lang='lat' dir='ltr'>est</span> <span class='ocrx_word' id='word_1_230' title='bbox 398 2748 462 2786; x_wconf 88' lang='lat' dir='ltr'>esse</span> <span class='ocrx_word' id='word_1_231' title='bbox 505 2731 613 2800; x_wconf 88' lang='lat' dir='ltr'>iustus,</span> <span class='ocrx_word' id='word_1_232' title='bbox 650 2731 844 2786; x_wconf 89' lang='lat' dir='ltr'>testimonium</span> 
     </span>
    </p>
   </div>
   <div class='ocr_carea' id='block_1_3' title="bbox 94 2863 844 3187">
    <p class='ocr_par' dir='ltr' id='par_1_10' title="bbox 94 2863 844 3187">
     <span class='ocr_line' id='line_1_33' title="bbox 149 2863 833 2921; baseline -0.006 -11"><span class='ocrx_word' id='word_1_233' title='bbox 149 2873 176 2910; x_wconf 86' lang='grc' dir='ltr'>3ο</span> <span class='ocrx_word' id='word_1_234' title='bbox 188 2865 322 2910; x_wconf 85' lang='lat' dir='ltr'>vindictam</span> <span class='ocrx_word' id='word_1_235' title='bbox 332 2865 401 2921; x_wconf 58' lang='lat' dir='ltr'>§UA</span> <span class='ocrx_word' id='word_1_236' title='bbox 419 2865 424 2919; x_wconf 89' lang='grc'>1</span> <span class='ocrx_word' id='word_1_237' title='bbox 445 2864 667 2918; x_wconf 64' lang='lat' dir='ltr'>-et10ffl1dAF</span> <span class='ocrx_word' id='word_1_238' title='bbox 686 2865 689 2917; x_wconf 85' lang='grc' dir='ltr'>Ι</span> <span class='ocrx_word' id='word_1_239' title='bbox 709 2863 807 2908; x_wconf 86' lang='lat' dir='ltr'>reddam</span> <span class='ocrx_word' id='word_1_240' title='bbox 830 2865 833 2914; x_wconf 92' lang='grc' dir='ltr'>Ι</span> 
     </span>
     <span class='ocr_line' id='line_1_34' title="bbox 95 2919 833 2972; baseline -0.008 -9"><span class='ocrx_word' id='word_1_241' title='bbox 95 2920 291 2972; x_wconf 65' lang='grc' dir='ltr'>ἰυᾱίοανίιω</span> <span class='ocrx_word' id='word_1_242' title='bbox 329 2927 354 2962; x_wconf 86' lang='grc' dir='ltr'>3ι</span> <span class='ocrx_word' id='word_1_243' title='bbox 370 2919 483 2962; x_wconf 77' lang='lat' dir='ltr'>incedere</span> <span class='ocrx_word' id='word_1_244' title='bbox 497 2922 522 2959; x_wconf 76' lang='lat' dir='ltr'><strong><em>F</em></strong></span> <span class='ocrx_word' id='word_1_245' title='bbox 559 2926 587 2962; x_wconf 81' lang='lat'>32</span> <span class='ocrx_word' id='word_1_246' title='bbox 600 2919 771 2962; x_wconf 83' lang='lat' dir='ltr'>inluminatum</span> <span class='ocrx_word' id='word_1_247' title='bbox 786 2919 833 2967; x_wconf 67' lang='grc' dir='ltr'>ΡΙ</span> 
     </span>
     <span class='ocr_line' id='line_1_35' title="bbox 95 2972 843 3026; baseline -0.007 -9"><span class='ocrx_word' id='word_1_248' title='bbox 95 2977 192 3017; x_wconf 82' lang='lat' dir='ltr'>austeu-</span> <span class='ocrx_word' id='word_1_249' title='bbox 200 2975 248 3014; x_wconf 77' lang='lat' dir='ltr'>AF</span> <span class='ocrx_word' id='word_1_250' title='bbox 268 2980 295 3016; x_wconf 85' lang='grc'>33</span> <span class='ocrx_word' id='word_1_251' title='bbox 304 2973 484 3026; x_wconf 85' lang='lat' dir='ltr'>expectaculum</span> <span class='ocrx_word' id='word_1_252' title='bbox 492 2976 517 3013; x_wconf 85' lang='lat' dir='ltr'><strong><em>F</em></strong></span> <span class='ocrx_word' id='word_1_253' title='bbox 537 2980 563 3015; x_wconf 75' lang='grc'>34</span> <span class='ocrx_word' id='word_1_254' title='bbox 573 2973 697 3024; x_wconf 71' lang='lat' dir='ltr'>suscipitis</span> <span class='ocrx_word' id='word_1_255' title='bbox 706 2973 731 3012; x_wconf 78' lang='lat' dir='ltr'><em>F</em></span> <span class='ocrx_word' id='word_1_256' title='bbox 735 2972 743 3001; x_wconf 93' lang='lat'><strong>¹</strong></span> <span class='ocrx_word' id='word_1_257' title='bbox 766 2978 792 3014; x_wconf 85' lang='grc'>33</span> <span class='ocrx_word' id='word_1_258' title='bbox 802 2972 843 3018; x_wconf 88' lang='lat' dir='ltr'>ut]</span> 
     </span>
     <span class='ocr_line' id='line_1_36' title="bbox 95 3024 844 3080; baseline -0.007 -9"><span class='ocrx_word' id='word_1_259' title='bbox 95 3030 121 3071; x_wconf 92' lang='lat' dir='ltr'>et</span> <span class='ocrx_word' id='word_1_260' title='bbox 134 3029 160 3068; x_wconf 78' lang='lat' dir='ltr'><em>F</em></span> <span class='ocrx_word' id='word_1_261' title='bbox 192 3034 218 3069; x_wconf 83' lang='grc'>37</span> <span class='ocrx_word' id='word_1_262' title='bbox 233 3027 502 3080; x_wconf 60' lang='grc' dir='ltr'>,αἰὶᾳυαηιιιΙιιωᾳιιοξ</span> <span class='ocrx_word' id='word_1_263' title='bbox 518 3026 659 3078; x_wconf 77' lang='lat' dir='ltr'>quantulum</span> <span class='ocrx_word' id='word_1_264' title='bbox 669 3025 734 3078; x_wconf 57' lang='lat' dir='ltr'>aaz!</span> <span class='ocrx_word' id='word_1_265' title='bbox 747 3024 844 3075; x_wconf 68' lang='grc'>133313-</span> 
     </span>
     <span class='ocr_line' id='line_1_37' title="bbox 94 3079 844 3132; baseline -0.005 -8"><span class='ocrx_word' id='word_1_266' title='bbox 94 3082 195 3124; x_wconf 78' lang='lat' dir='ltr'>vitAF</span> <span class='ocrx_word' id='word_1_267' title='bbox 238 3087 303 3122; x_wconf 88' lang='grc'>33-</span> <span class='ocrx_word' id='word_1_268' title='bbox 318 3079 363 3123; x_wconf 83' lang='lat' dir='ltr'>tilii</span> <span class='ocrx_word' id='word_1_269' title='bbox 378 3079 423 3126; x_wconf 60' lang='grc' dir='ltr'>ΕΑ</span> <span class='ocrx_word' id='word_1_270' title='bbox 477 3082 518 3132; x_wconf 87' lang='lat' dir='ltr'>tt,1</span> <span class='ocrx_word' id='word_1_271' title='bbox 533 3079 705 3132; x_wconf 76' lang='lat' dir='ltr'>sperandorum</span> <span class='ocrx_word' id='word_1_272' title='bbox 720 3089 750 3132; x_wconf 73' lang='lat' dir='ltr'>a,</span> <span class='ocrx_word' id='word_1_273' title='bbox 765 3088 844 3120; x_wconf 86' lang='lat' dir='ltr'>rerum</span> 
     </span>
     <span class='ocr_line' id='line_1_38' title="bbox 95 3131 711 3187; baseline -0.011 -9"><span class='ocrx_word' id='word_1_274' title='bbox 95 3145 149 3186; x_wconf 79' lang='lat' dir='ltr'>arg.</span> <span class='ocrx_word' id='word_1_275' title='bbox 164 3145 188 3177; x_wconf 86' lang='lat' dir='ltr'>n.</span> <span class='ocrx_word' id='word_1_276' title='bbox 203 3136 330 3187; x_wconf 84' lang='lat' dir='ltr'>parentum</span> <span class='ocrx_word' id='word_1_277' title='bbox 383 3133 470 3176; x_wconf 72' lang='lat' dir='ltr'>ahaec</span> <span class='ocrx_word' id='word_1_278' title='bbox 484 3135 509 3172; x_wconf 79' lang='lat' dir='ltr'><em>F</em></span> <span class='ocrx_word' id='word_1_279' title='bbox 561 3131 659 3175; x_wconf 74' lang='lat' dir='ltr'>itidem</span> <span class='ocrx_word' id='word_1_280' title='bbox 674 3133 711 3171; x_wconf 68' lang='grc' dir='ltr'>ΓΙ</span> 
     </span>
    </p>
   </div>
   <div class='ocr_carea' id='block_1_4' title="bbox 459 3212 501 3256">
    <p class='ocr_par' dir='ltr' id='par_1_11' title="bbox 459 3212 501 3256">
     <span class='ocr_line' id='line_1_39' title="bbox 459 3212 501 3256; baseline 0 0"><span class='ocrx_word' id='word_1_281' title='bbox 459 3212 501 3256; x_wconf 83' lang='grc'>565</span> 
     </span>
    </p>
   </div>
   <div class='ocr_carea' id='block_1_5' title="bbox 0 0 1142 3434">
    <p class='ocr_par' dir='ltr' id='par_1_12' title="bbox 0 0 1142 3434">
     <span class='ocr_line' id='line_1_40' title="bbox 0 0 1142 3434; baseline 0 0"><span class='ocrx_word' id='word_1_282' title='bbox 0 0 1142 3434; x_wconf 95' lang='lat' dir='ltr'> </span> 
     </span>
    </p>
   </div>
  </div>
 </body>
</html>
