2275 3434
271 164 390 220 uerus
412 155 695 221 Arosrocouvu.
741 163 904 233 reno-n.

91 326 247 397 spondens
259 327 357 391 Paulo,
373 326 455 381 dixit:
471 326 520 381 Vis
534 326 737 395 lerosolymam
752 342 850 380 ascen-

93 408 180 473 dere,
207 410 237 462 et
257 407 297 461 ibi
317 406 351 461 de
370 408 415 461 his
433 406 553 461 iudicari
572 406 650 476 apud
667 408 733 461 me‘?
770 406 851 461 Dixit
870 409 905 460 10

93 492 197 543 autem
217 487 338 542 Paulus:
364 487 408 542 Ad
431 487 557 543 tribunal
577 487 710 542 Caesaris
729 489 788 554 sto,
810 487 850 541 ibi

93 585 141 623 me
163 570 280 637 oportet
297 567 431 623 iudicari:
451 567 564 623 ludaeis
583 584 640 622 non
659 568 757 634 nocui,
776 567 851 621 sicut

94 653 128 703 tu
147 648 253 703 melius
272 649 357 703 nosti.
395 648 425 703 Si
445 648 520 703 enim
537 650 638 716 nocui,
664 651 715 703 aut
733 648 850 717 dignum
871 650 902 701 ll

94 732 192 785 morte
212 729 319 798 aliquid
339 729 410 796 feci,
433 746 490 784 non
509 745 609 784 recuso
628 730 715 784 mori:
739 729 764 783 si
782 744 850 782 vero

95 810 169 864 nihil
189 813 235 863 est
254 826 367 876 eorum,
387 826 460 879 quae
478 809 508 863 hi
528 813 668 864 accusant
685 824 743 877 me,
767 826 850 863 nemo

96 893 198 959 potest
230 906 276 944 me
303 890 358 944 illis
387 888 502 944 donare.
547 888 701 944 Caesarem
730 890 849 958 appello.

96 970 180 1024 Tunc
198 970 303 1025 Festus
323 986 387 1025 cum
406 969 525 1024 concilio
544 970 665 1037 locutus,
687 968 849 1038 respondit:
871 973 904 1028 12

100 1050 257 1105 Caesarem
275 1050 447 1119 appellasti?
466 1049 503 1104 ad
524 1050 677 1105 Gaesarem
696 1049 760 1103 ibis,

63 1118 94 1225 {¹3
171 1131 210 1185 Et
243 1147 307 1185 cum
339 1130 400 1185 dies
434 1131 542 1200 aliquot
569 1130 709 1186 transacti
738 1135 849 1185 essent:
871 1134 961 1192 13⁹,m

85 1211 229 1281 ‘Agrippa
247 1227 312 1279 rex,
332 1215 361 1266 et
379 1210 498 1266 Bernice
517 1210 727 1266 descenderunt
746 1210 851 1265 Caesa·

97 1308 178 1347 ream
204 1291 243 1345 ad
269 1291 451 1347 salutandum
474 1292 602 1347 Festum.
638 1292 675 1347 Et
700 1305 765 1346 cum
789 1291 850 1345 dies
871 1294 905 1345 14
914 1313 972 1353 usa

96 1373 196 1442 plures
216 1372 256 1425 ibi
275 1371 497 1439 demorarentur,
517 1373 620 1427 Festus
637 1372 698 1441 regi
714 1372 850 1427 indicavit

98 1452 134 1507 de
153 1452 259 1520 Paulo,
284 1452 396 1507 dicens:
423 1451 472 1507 Vir
495 1452 612 1522 quidam
633 1457 678 1507 est
697 1451 850 1508 derelictus
907 1495 910 1498 ,

98 1552 116 1587 a
135 1532 232 1587 Felice
250 1533 379 1599 vimine,
417 1533 452 1589 de
471 1550 527 1602 quo
547 1550 612 1587 curn
630 1549 725 1588 essem
743 1534 850 1588 leroso·
871 1536 904 1588 15

97 1613 198 1683 lymis,
220 1612 351 1687 adierunt
373 1631 419 1668 me
443 1614 588 1683 principes
607 1614 802 1680 sacerdotum,
821 1617 850 1667 et

99 1694 230 1749 seniores
239 1692 417 1760 Indaeorum,
431 1696 613 1763 postulantes
624 1693 762 1749 adversus
772 1694 850 1748 illurn
894 1744 898 1751 ,

100 1773 323 1829 damnationem.
361 1774 404 1829 Ad
428 1792 499 1843 quos
524 1774 674 1844 respondi:
700 1774 774 1844 Quia
792 1791 849 1828 non
871 1779 904 1831 16

101 1859 146 1910 est
178 1854 315 1909 Romanis
349 1855 526 1910 consuetudo
559 1854 695 1909 damnare
728 1856 850 1924 aliquem

102 1936 245 1990 hominem
263 1935 342 2004 prius
361 1936 447 2003 qu'am
467 1936 500 2001 ie,
520 1935 568 2003 qui
588 1939 749 2003 accusatur,
769 1952 850 2005 prae·
895 1984 898 1991 A

107 2020 198 2073 sentes
225 2015 332 2069 habeat
355 2018 554 2081 accusatoreS,
579 2015 729 2083 locumque
753 2016 850 2071 defen-

107 2094 185 2150 dendi
220 2096 344 2165 accipiat
372 2095 408 2149 ad
436 2095 580 2150 abluenda
607 2096 733 2149 crimina.
778 2096 850 2151 Cum
871 2102 904 2152 17

104 2192 168 2245 ergo
187 2177 245 2230 huc
264 2177 466 2231 convenissent
484 2176 545 2229 sine
565 2177 623 2230 ulla
642 2176 785 2243 dilatione,
806 2194 849 2231 se·
895 2193 899 2231 1

102 2256 199 2325 quenti
220 2255 266 2309 die
285 2256 388 2311 sedens
407 2274 459 2326 pro
478 2257 629 2323 tribunali,
656 2256 727 2309 iussi
746 2257 849 2311 adduci

102 2336 200 2391 virum.
238 2337 282 2390 De
306 2354 375 2406 quo,
401 2354 465 2391 curn
489 2337 640 2392 stetissent
658 2340 849 2406 accusatores,
870 2342 904 2394 18

101 2417 207 2471 nullam
237 2434 355 2471 causam
384 2418 567 2485 deferebant,
601 2415 636 2471 de
663 2417 768 2486 quibus
796 2434 849 2485 ego

102 2497 272 2567 suspicabar
296 2499 418 2553 malum:
456 2498 646 2568 Quaestiones
673 2514 740 2551 vero
766 2503 972 2566 quas-191⁸,1a

103 2577 167 2631 dam
190 2578 227 2633 de
250 2578 304 2633 stra
323 2580 526 2648 superstitione
546 2579 692 2634 habebant
711 2577 849 2632 adversus
880 2627 882 2630 .

155 2772 180 2807 10
194 2765 236 2809 ubi

154 2834 180 2870 12
194 2827 297 2872 oonsilio
323 2829 327 2882 Ι
354 2829 402 2872 -2

155 2895 180 2932 11
194 2890 216 2944 2
230 2892 383 2935 morarentur

155 2959 181 2995 16
196 2956 219 3003 >
235 2954 343 2997 consuet.
359 2964 419 2999 rom.
444 2956 448 3009 1
474 2955 566 2999 donare
592 2956 595 3007 Ι
621 2956 770 3011 &crimina
788 2967 849 3011 quae

107 3016 128 3059 ei
141 3016 293 3060 obiiciantur.
685 3051 688 3056 .

155 3086 182 3122 17
196 3079 239 3133 (w
253 3094 333 3133 quoque
347 3080 401 3124 sine
415 3091 437 3123 u.
453 3079 493 3125 dil.
510 3096 557 3125 cum
568 3097 641 3135 praec.
655 3086 716 3137 cont)

156 3142 214 3199 189
230 3153 344 3187 caussam
368 3143 372 3196 1
398 3143 487 3187 malam

465 3222 505 3269 sn
