2275 3434
244 196 396 265 dli-sa.
521 195 572 250 AD
597 193 800 250 HEBRAEOS.

299 357 373 411 eius:
393 356 488 412 omnia
502 356 603 411 ‘autern
617 354 695 411 nuda
713 358 742 410 et
757 357 859 424 aperta
875 356 944 408 sunt
958 353 1049 408 oculis

76 449 235 491 cornuam
247 431 281 484 14
299 429 369 495 eius,
388 428 426 484 ad
445 445 529 498 quern
547 428 631 482 nobis
645 443 746 482 sermo.
816 425 965 480 Habentes
980 441 1048 493 ergo
1057 432 1077 475 31

113 496 152 536 ⁸⁹¹³
166 496 213 534 ⁹³¹¹·
298 500 462 569 pontificem
489 516 641 568 magnum,
669 499 717 568 qui
749 497 913 567 penetravit
945 497 1049 561 caelos,

299 572 393 626 lesum
424 571 513 625 filiurn
545 570 612 625 Dei:
646 573 795 624 teneamus
828 568 1050 622 confessionem.

188 645 281 704 2‚1r.15
299 643 362 697 Non
382 643 457 697 enirn
475 641 614 696 habemus
629 640 801 711 poniificem,
820 639 942 709 quinon
956 639 1052 708 possit

300 714 425 784 compati
434 713 648 768 infirmitatibus
662 712 783 766 nostris:
798 714 943 766 tentatum
955 713 1053 764 autem

299 802 351 855 per
378 785 474 840 omnia
498 800 549 853 pro
576 783 760 838 similitudine
786 782 895 851 absque
922 785 1051 851 peccato.

143 877 236 919 iren.
248 859 281 912 16
299 856 444 912 Adeamus
467 872 534 924 ergo
560 873 624 910 curn
649 855 754 910 fiducia
778 853 815 907 ad
832 853 969 908 thronum
988 861 1084 922 gra-ru

161 923 237 965 Bm·
300 929 373 984 tiae:
398 931 431 983 ut
448 926 673 983 misericordiam
694 939 916 994 consequamur,
936 929 967 979 et
990 941 1052 992 gra·

301 1001 372 1056 tiam
390 1000 570 1054 inveniamus
589 999 618 1052 in
638 997 742 1053 auxilio
762 1000 933 1066 opportuna.

261 1069 283 1142 5
373 1079 473 1136 Omnis
504 1095 628 1148 namque
660 1077 795 1132 Pontifex
823 1093 858 1131 ex
886 1075 1081 1130 hominibus32

302 1155 484 1221 assumptuS,
503 1168 554 1220 pro
574 1149 735 1204 hominibus
754 1146 943 1203 constituitur
962 1147 992 1202 in
1010 1147 1050 1214 iis,

302 1239 375 1293 quae
394 1227 463 1277 sunt
481 1221 517 1276 ad
531 1222 632 1288 Deum,
651 1224 683 1275 ut
697 1220 800 1276 offerat
814 1218 898 1286 dona,
920 1222 949 1273 et
969 1219 1050 1273 sacri-

190 1316 237 1356 ιρι.
265 1295 367 1349 {Micia
391 1310 443 1363 pro
468 1293 611 1364 peccatis:
640 1292 688 1362 qui
714 1290 864 1346 condolere
889 1289 988 1360 possit
1010 1290 1048 1354 iis,

302 1366 351 1435 qui
369 1365 516 1434 ignorant,
536 1368 564 1419 et
583 1366 691 1418 errant:
716 1362 850 1433 quoniam
870 1365 899 1416 et
919 1361 985 1432 ipse
1002 1362 1047 1414 cir·

101 1459 131 1490 cv
142 1459 178 1498 aa
191 1459 238 1498 mo.
266 1439 283 1489 3
302 1436 453 1492 cumdatus
473 1440 519 1491 est
537 1435 714 1490 infirmitate:
739 1437 767 1488 et
786 1435 943 1503 propterea
962 1433 1045 1497 debet,

303 1507 542 1578 quemadmodum
560 1524 611 1577 pro
630 1507 751 1576 populo,
776 1505 818 1560 ita
842 1505 933 1560 etiam
957 1509 984 1558 et
999 1519 1043 1572 pro

151 1601 180 1634 nx
191 1602 239 1643 aaa.
266 1582 285 1632 4
303 1579 457 1648 semetipso
476 1579 579 1636 offerre
598 1576 799 1647 propeccatis
825 1575 886 1630 Nec
900 1576 1038 1645 quisquam

303 1651 391 1707 sumit
409 1651 465 1705 sibi
483 1651 635 1714 honorem,
658 1648 709 1703 sed
733 1647 781 1716 qui
800 1651 925 1702 vocatur
950 1647 1034 1708 aDeo,

169 1743 240 1784 rna.
268 1723 451 1792 dtamquam
464 1721 569 1776 Aaron.
617 1721 664 1776 Sic
683 1723 712 1774 et
727 1718 857 1773 Christus
877 1717 1035 1774 nonsemet·

82 1790 116 1830 ¹‘⁵·
133 1785 171 1822 ¹⁸²
182 1789 240 1830 ¹³³⁸·
304 1794 398 1863 ipsum
417 1793 584 1848 clarificavit
609 1796 642 1847 ut
660 1790 791 1862 pontifex
813 1790 911 1844 fieret:
936 1787 982 1844 sed
997 1785 1038 1856 qui

304 1866 416 1920 locutus
435 1868 481 1920 est
499 1864 537 1918 ad
555 1881 635 1918 eum:
817 1887 818 1892 κ
1031 1887 1034 1894 v

340 1945 429 2000 Filius
447 1961 528 2000 meus
547 1961 580 1999 es
598 1948 640 2011 tu,
660 1959 713 2012 ego
733 1941 816 1997 hodie
835 1942 924 2010 genui
949 1945 986 1996 te.
1054 1944 1077 1988 33

93 2048 131 2081 er.
147 2048 172 2080 r„
183 2049 241 2089 noc
269 2030 286 2080 6
305 2025 551 2096 Quemadmodum
571 2024 647 2080 etin
667 2023 721 2078 aiio
740 2023 802 2076 loco
822 2020 906 2075 dicit:

328 2106 384 2160 ‘Tu
402 2123 434 2160 es
453 2105 589 2161 sacerdos
607 2105 636 2158 in
655 2107 815 2169 aeternum,
834 2100 998 2155 secundum
1016 2116 1053 2154 or·

412 2177 507 2232 dinem
525 2175 762 2238 Melchisedech„
846 2197 848 2200 ·

104 2280 242 2321 nima-io.
270 2258 362 2328 7Qui
392 2258 422 2312 in
454 2257 555 2312 diebus
584 2256 678 2310 carnis
707 2271 776 2309 suae
803 2269 917 2323 preceS,
952 2251 1058 2322 suppli-

306 2338 491 2408 cationesque
524 2337 561 2392 ad
589 2353 669 2404 eum,
697 2334 746 2404 qui
773 2333 867 2403 possit
895 2333 977 2387 illum
1007 2333 1059 2387 sal-

307 2437 373 2473 vum
406 2419 501 2473 facere
534 2436 552 2484 a
584 2419 674 2472 morte
707 2433 770 2470 cum
799 2415 922 2468 clamore
956 2413 1059 2478 valido,

307 2503 336 2554 et
360 2500 494 2568 lacrymis
519 2499 659 2564 offerens,
685 2494 836 2550 exauditus
863 2496 908 2547 est
932 2511 988 2563 pro
1009 2510 1061 2548 sua

167 2603 243 2644 riou
271 2580 480 2634 Brevcrentia:
523 2579 560 2634 Et
601 2577 715 2648 quidem
755 2592 820 2630 cum
859 2575 938 2628 esset
972 2574 1091 2632 Filiusau
1105 2585 1117 2603 ··

307 2660 376 2728 Dei,
405 2659 506 2714 didicit
533 2676 569 2714 ex
596 2658 647 2727 iis,
675 2673 748 2729 quae
773 2671 878 2726 passus
905 2657 968 2721 est,
995 2654 1061 2708 obe-

361 2799 387 2836 13
401 2793 475 2843 aut]
495 2792 559 2836 enim
573 2791 621 2846 §F
672 2796 698 2834 14
717 2789 769 2842 spei
788 2789 887 2832 nostrae
907 2785 972 2830 conf.
994 2787 1015 2841 ξ
1038 2789 1061 2830 ot

308 2845 371 2890 coni.
392 2845 444 2888 eius
459 2848 484 2886 F
541 2851 567 2888 15
587 2866 611 2877 -
625 2843 710 2898 pontif⁴
726 2845 758 2884 Al
792 2843 795 2894 Ι
827 2838 1017 2884 similitudinem
1030 2841 1061 2880 Αἱ

307 2906 335 2943 16
349 2898 443 2952 gratiae
457 2899 509 2943 eius
523 2899 545 2952 9
566 2898 660 2951 gloriae
673 2895 711 2936 F!
733 2895 833 2950 (gratia)

363 2950 554 3004 6‚1his,ua.8
607 2950 782 3002 aignorauter
801 2959 847 3010 θη,
862 2947 886 2986 Α
911 3001 914 3006 Ι
938 2952 952 2988 3
971 2947 1001 3007 et
1020 2957 1062 3000 pro

308 3002 649 3118 e⁰curmtmfa
666 3003 906 3107 fructuum
931 3001 1063 3102 teau

237 3125 241 3132 ¹
310 3109 345 3151 ill.
360 3108 427 3160 {M
458 3109 461 3159 Ι
495 3113 518 3158 >
535 3111 640 3169 amorte
654 3108 701 3151 fac.
735 3112 739 3152 t
771 3108 795 3151 et
810 3105 892 3150 exaud.
909 3103 1021 3158 affl
1051 3109 1054 3158 Ι

314 3164 392 3204 -cst
444 3160 772 3214 a-Deridelcfz-

655 3239 699 3284 554
