2275 3434
257 161 401 221 tua-oe.
499 158 697 214 SECVNDVM
725 157 857 213 LVCAM.

315 321 355 376 eit
374 320 441 374 illis:
462 319 639 390 Quicumque
659 318 820 389 susceperit
838 335 965 388 puerum
989 320 1078 375 istum

313 401 342 454 iu
361 400 475 456 nomine
494 415 565 464 meo,
586 415 631 454 me
651 399 764 468 recipit:
786 401 813 453 et
832 398 1021 470 quicumque
1040 420 1078 454 rur

314 480 469 550 receperit,
495 479 595 549 recipit
623 495 703 544 eum,
730 481 778 549 qui
802 496 847 533 me
866 479 957 533 misit.
1005 482 1077 536 Nau

314 561 362 631 qui
390 560 482 614 minor
510 563 555 615 est
584 560 660 614 iuter
684 577 735 615 vos
762 575 875 626 omnm,
902 559 953 614 hic
985 565 1074 617 maior

259 645 294 696 49
314 646 367 696 est.
422 640 610 710 Respondeas
628 646 725 696 autem
739 641 859 695 loarmes
875 639 965 695 dixit:
991 643 1076 697 Prae-

315 725 426 791 ceptor,
452 720 576 776 vidimus
603 721 745 790 quendam
765 721 927 776 innomine
948 725 1011 779 tuo
1034 727 1076 778 eii-

315 803 435 857 cieutem
456 802 615 869 daemonia,
635 806 664 856 et
682 801 878 872 prohibuimus
897 817 987 857 cum:
1012 808 1074 875 quia

92 905 150 945 aaa.
162 904 191 937 re
203 886 295 946 1,1e.50
314 899 372 936 nou
386 883 515 950 sequitur
529 881 686 937 nobiscum.
719 882 756 937 Et
770 882 811 936 ait
826 881 959 937 edilium
978 885 1065 940 Iesus

315 962 407 1018 Nolite
426 963 589 1032 prohibere:
610 961 658 1032 qui
678 962 751 1016 euim
771 978 828 1015 non
847 967 891 1016 est
910 961 1067 1020 edversuu

315 1059 375 1109 voe,
393 1061 444 1113 pro
464 1044 546 1099 vobis
566 1047 619 1096 est.

165 1154 192 1188 ut
204 1155 251 1194 rar.

97 1199 251 1285 Jf‚,f¹20¹t⁰;ff{2
261 1205 294 1257 51
386 1205 506 1260 Factum
524 1208 569 1258 est
584 1207 680 1258 auteur
696 1204 761 1259 dum
778 1205 999 1274 complerentur
1016 1211 1072 1264 die-

156 1288 250 1330 ¹T⁸¹¹⁶·
315 1284 520 1355 assumptionis
546 1284 622 1342 eius,
649 1288 678 1338 et
703 1285 765 1354 ipse
790 1284 893 1340 faciem
916 1302 1012 1344 suam
1034 1295 1072 1345 tir-

189 1366 295 1428 amni)
315 1366 405 1421 mavit
423 1368 456 1420 nt
474 1364 529 1419 iret
547 1364 577 1419 in
596 1365 757 1420 ierusalem.
792 1365 828 1419 Et
847 1365 926 1419 misit
946 1373 1071 1426 nuncio

192 1432 251 1472 ¹⁷³⁶·
315 1448 382 1501 ante
402 1448 587 1513 conspectum
605 1462 704 1501 suum:
725 1450 753 1500 et
768 1449 869 1500 euntes
883 1445 1069 1506 iutravenuu

314 1527 343 1581 iu
369 1525 517 1580 civitatem
536 1524 781 1581 Samaritanorum
806 1529 838 1580 ut
858 1533 1003 1595 pararent
1029 1534 1069 1586 illi.

188 1609 295 1671 raddo
314 1607 350 1662 Et
369 1623 426 1661 non
444 1611 615 1675 receperunt
634 1622 706 1672 eum,
726 1607 794 1676 qnia
813 1605 902 1660 facies
923 1607 990 1663 eius
1010 1621 1069 1667 erat

110 1691 295 1750 cessarant
315 1685 409 1741 euntis
438 1686 467 1739 iu
494 1685 655 1740 Iemsalem.
699 1685 770 1741 Cum
798 1685 939 1741 vidissent
970 1697 1068 1748 autem

315 1765 446 1835 discipuli
466 1764 527 1820 eius
546 1765 682 1832 lacobuS,
707 1769 735 1820 et
754 1767 890 1833 loannes,
914 1765 1068 1828 dixerunt:

314 1846 448 1912 Domine,
474 1846 518 1900 vis
544 1846 664 1902 dicimus
690 1849 723 1901 ut
747 1847 821 1916 iguis
848 1845 1011 1907 descendat
1037 1855 1068 1907 de

259 1932 295 1983 ῦὸ
315 1927 407 1993 caelo,
433 1931 462 1981 et
489 1931 639 1982 consumat
665 1927 748 1982 illos?
786 1927 822 1983 Et
847 1944 1007 1987 conversus
1029 1935 1067 1988 iu·

315 2007 443 2076 crepavit
462 2007 537 2074 illos,
561 2007 674 2062 diceus:
699 2007 824 2064 Nescitis
843 2009 924 2063 cuius
944 2011 1065 2080 spiritus

105 2107 179 2152 ram
192 2111 250 2152 aa.
260 2093 295 2144 56
315 2087 394 2142 estis.
419 2087 507 2142 Filius
522 2088 643 2143 hominis
658 2105 715 2143 nou
725 2089 804 2143 veuit
815 2089 925 2144 animas
935 2093 1064 2160 perdere,

315 2167 366 2221 sed
392 2169 511 2224 salvare.
548 2169 584 2224 Et
610 2169 741 2224 abierunt
760 2168 789 2222 in
809 2169 884 2224 aliud
905 2174 1063 2230 castellum.

141 2259 228 2296 ³⁷4⁰:
260 2253 294 2304 57
386 2248 503 2303 Factum
537 2255 583 2305 est
616 2253 726 2304 autem:
762 2248 975 2308 ambulantibus
1009 2249 1087 2318 illisi}

122 2306 248 2352 ΜΗ
314 2327 342 2380 iu
379 2326 441 2395 vie,
479 2328 550 2384 dixit
588 2329 704 2398 quidam
743 2329 779 2384 ad
815 2330 907 2386 illum:
953 2317 1079 2404 Sequar

260 2413 295 2464 58
314 2411 342 2462 te
394 2425 572 2480 quocumque
618 2408 693 2464 ieris,
757 2410 837 2466 Dixit
881 2411 921 2465 illi
967 2413 1062 2471 Iesus:

314 2489 419 2559 Vulpes
457 2490 556 2546 foveas
595 2490 715 2557 hahent,
759 2495 787 2546 et
824 2492 954 2547 volucres
992 2499 1060 2551 caeli

313 2569 408 2624 nidos:
437 2571 525 2625 Filius
551 2574 648 2625 autem
673 2569 795 2626 hominis
820 2589 877 2625 nou
903 2573 990 2630 habet
1013 2578 1059 2633 ubi

365 2766 391 2803 48
406 2763 428 2808 >
446 2769 529 2802 omues
545 2769 589 2801 vos

365 2822 554 2877 mffimm

366 2890 392 2927 50
407 2883 526 2927 adversus

365 2953 390 2990 51
406 2967 429 2978 -
444 2945 470 2988 iu
