2275 3434
439 599 643 660 EPISTOLA
667 599 909 661 OATHOLICA

301 725 1052 836 aanrii'ncoaincosroti.

153 974 235 1012 irin.
265 948 279 1017 1
370 956 530 1012 IACOBUS
558 958 629 1024 Dei,
657 962 687 1012 ct
714 957 827 1012 Domini
860 959 955 1014 nostri
986 960 1081 1015 Iesum

129 1016 166 1052 Μ
179 1020 236 1060 ¹³³⁸·
301 1035 408 1091 Christi
426 1053 535 1104 servus,
555 1036 705 1092 duodecim
724 1038 869 1106 tribubus,
890 1057 968 1108 quae
987 1045 1053 1095 sunt

300 1117 329 1170 in
348 1116 534 1186 dispersione,
553 1118 684 1172 salutem.

144 1179 237 1265 Ῑξῗέᾞζ
264 1200 282 1249 2
372 1197 464 1252 Omne
491 1197 628 1268 gaudium
657 1199 819 1254 existimate
848 1199 958 1254 fratres
990 1203 1049 1267 mei,

153 1295 237 1337 irin.
265 1281 282 1329 3
301 1294 365 1331 curn
384 1277 414 1332 in
432 1279 608 1333 tentationes
624 1279 719 1334 varias
734 1279 907 1334 incideritis:
928 1283 1048 1336 scientes

301 1355 378 1425 quod
396 1358 529 1425 probatio
548 1358 614 1412 fidei
630 1362 744 1414 vestrae
763 1360 936 1428 patientiam
956 1379 1047 1432 opera-

265 1441 282 1490 4
301 1440 355 1490 tur.
393 1437 537 1493 Patientia
555 1443 652 1493 autern
676 1457 749 1508 opus
768 1439 932 1509 perfectum
951 1443 1045 1497 hahet:

300 1520 334 1571 ut
352 1517 416 1572 sitis
435 1519 556 1587 perfecti
576 1523 605 1574 et
619 1519 723 1588 integri
741 1520 770 1575 in
784 1521 861 1575 nullo
877 1520 1042 1578 deficientes,

122 1616 161 1648 nv
173 1617 237 1657 aaa.
265 1599 283 1652 5
301 1596 332 1651 Si
351 1598 416 1666 quis
435 1602 531 1653 autern
550 1604 677 1654 vestrum
697 1599 806 1669 indiget
825 1602 983 1670 sapientia,
999 1619 1039 1672 po

301 1679 390 1733 stulet
408 1673 520 1747 a'Dco,
546 1681 594 1749 qui
614 1679 665 1735 dat
684 1680 815 1734 omnibus
835 1681 996 1747 affluenter,
1013 1685 1036 1734 el

137 1776 167 1809 na
180 1778 237 1818 nn«.
265 1764 281 1813 6
301 1776 357 1812 non
367 1759 555 1828 improperat:
573 1764 602 1814 et
617 1760 732 1815 dabitur
746 1760 780 1814 ei.
808 1761 941 1818 Postulet
952 1765 1037 1816 autem

301 1838 330 1892 in
348 1839 404 1893 tide
423 1840 492 1894 nihil
511 1840 673 1894 haesitans:
694 1841 743 1910 qui
762 1841 837 1895 enim
855 1841 994 1910 haesitat,
1009 1841 1039 1896 si-

301 1919 375 1973 milis
395 1924 440 1973 est
458 1920 556 1973 tluctui
575 1919 678 1988 maris,
703 1921 752 1990 qui
779 1938 796 1975 a
814 1925 902 1977 vento
924 1925 1044 1978 movetur

265 2003 282 2053 7
302 2002 331 2053 et
350 1999 556 2054 circumfertur.
585 2017 642 2055 non
662 2017 729 2070 ergo
749 2001 884 2056 aestimet
903 2003 990 2059 homo
1007 2004 1047 2057 ille

266 2083 283 2131 8
301 2078 377 2147 qudd
397 2079 520 2149 accipiat
543 2081 651 2150 aliquid
675 2098 692 2135 a
711 2081 840 2136 Domina.
878 2083 931 2138 Vir
950 2084 1051 2154 duplex

201 2180 238 2221 aa.
266 2163 282 2212 9
302 2159 396 2215 animo
406 2160 572 2215 inconstans
583 2165 628 2216 est
642 2161 671 2216 in
681 2162 812 2216 omnihus
822 2161 877 2216 viis
889 2165 959 2219 suis.
991 2165 1052 2219 Glo-

301 2240 389 2294 rietur
403 2244 500 2295 aulem
514 2241 604 2295 frater
618 2241 731 2296 humilis
747 2242 776 2296 in
793 2243 972 2299 exaltatione
987 2262 1054 2299 sua:

141 2305 152 2380 ἶ
161 2304 179 2381 ξ
190 2305 237 2390 iffi:
249 2321 283 2373 10
302 2319 382 2373 dives
401 2323 498 2375 autem
515 2321 545 2374 in
564 2322 723 2376 humilitate
740 2339 802 2390 sua,
822 2323 959 2392 quoniam
979 2326 1056 2378 sicut

139 2420 159 2452 n
171 2421 237 2461 roan.
249 2402 280 2454 ll
300 2399 353 2454 llos
371 2399 448 2455 foeni
465 2401 613 2456 transibit:
641 2405 757 2457 exortus
774 2407 819 2458 est
835 2403 911 2458 enim
928 2403 971 2458 sol
990 2421 1055 2458 cum

301 2479 410 2547 ardore,
425 2484 454 2535 et
469 2481 589 2537 arefecit
603 2481 726 2549 foenum,
742 2486 770 2537 et
789 2482 841 2536 ilos
857 2482 919 2537 cius
936 2483 1055 2551 decidit,

301 2563 330 2614 et
348 2560 434 2615 decor
451 2561 547 2616 vultus
566 2561 628 2616 eius
648 2561 782 2632 deperiit:
809 2563 850 2617 ita
874 2567 903 2618 ct
922 2563 1006 2619 dives
1025 2565 1054 2618 in

353 2761 423 2800 lassor.
453 2756 589 2810 [Epistulae
613 2757 750 2802 Catholicae
766 2758 789 2802 A
805 2763 813 2808 ]
832 2759 946 2812 Epistula
966 2759 1053 2803 Sancti

300 2818 384 2862 Iacchi
399 2819 504 2872 [Aliost]
519 2820 538 2872 ᾖ
552 2826 599 2873 (qui
611 2826 666 2874 Epp.
680 2826 739 2864 Octh.
752 2827 809 2864 inter
822 2826 868 2864 Act.
881 2830 902 2864 et
915 2827 972 2875 Epo.
987 2827 1052 2866 Paul.

299 2883 370 2931 habet)
384 2881 498 2934 Epistula
511 2882 596 2925 Iacchi
611 2883 632 2930 Θ
658 2883 661 2936 Ι
688 2883 755 2927 Catii.
770 2887 779 2934 ]
796 2884 952 2938 canonica&

354 2953 384 3005 t‚1
398 2952 477 2994 tribus
491 2952 529 2992 F¹
560 2959 574 2994 2
587 2954 788 3005 temptationibus
803 2953 877 2998 variis
905 2961 918 2996 4
932 2955 1050 2998 -autcm

301 3012 362 3065 [oi-⁴
394 3013 397 3064 Ι
429 3013 521 3056 habeat
580 3015 756 3068 incolentium
776 3015 822 3062 &A
855 3017 858 3068 l
890 3015 1009 3060 afluenter
1028 3020 1053 3057 F

300 3081 365 3116 oen.
379 3078 388 3123 ]
404 3076 485 3116 antem
499 3077 524 3115 F
547 3076 551 3125 Ι
577 3077 725 3129 (tempestati
740 3089 770 3120 m.
787 3080 856 3130 quae)
897 3077 1050 3132 rtaccipiet)

300 3135 417 3191 &duplici
430 3135 475 3192 &F
498 3136 501 3188 1
528 3156 551 3167 -
567 3139 606 3178 est
621 3137 732 3188 [maur
783 3139 979 3194 multatione]

644 3215 685 3261 574
