<?xml version="1.0" encoding="UTF-8"?>
<!DOCTYPE html PUBLIC "-//W3C//DTD XHTML 1.0 Transitional//EN"
    "http://www.w3.org/TR/xhtml1/DTD/xhtml1-transitional.dtd">
<html xmlns="http://www.w3.org/1999/xhtml" xml:lang="en" lang="en">
 <head>
  <title>
</title>
<meta http-equiv="Content-Type" content="text/html;charset=utf-8" />
  <meta name='ocr-system' content='tesseract 3.04.00' />
  <meta name='ocr-capabilities' content='ocr_page ocr_carea ocr_par ocr_line ocrx_word'/>
</head>
<body>
  <div class='ocr_page' id='page_1' title='image "./novumtestamentu01nestgoog_0325.png"; bbox 0 0 2275 3434; ppageno 0'>
   <div class='ocr_carea' id='block_1_1' title="bbox 256 153 889 236">
    <p class='ocr_par' dir='ltr' id='par_1_1' title="bbox 256 153 889 236">
     <span class='ocr_line' id='line_1_1' title="bbox 256 153 889 236; baseline 0.005 -13"><span class='ocrx_word' id='word_1_1' title='bbox 256 164 377 223; x_wconf 81' lang='lat' dir='ltr'>Aorvs</span> <span class='ocrx_word' id='word_1_2' title='bbox 400 153 683 223; x_wconf 77' lang='lat' dir='ltr'>Arosromuvn.</span> <span class='ocrx_word' id='word_1_3' title='bbox 746 165 889 236; x_wconf 74' lang='lat' dir='ltr'>ars-aa</span> 
     </span>
    </p>
   </div>
   <div class='ocr_carea' id='block_1_2' title="bbox 85 328 1023 718">
    <p class='ocr_par' dir='ltr' id='par_1_2' title="bbox 87 328 836 397">
     <span class='ocr_line' id='line_1_2' title="bbox 87 328 836 397; baseline 0.005 -17"><span class='ocrx_word' id='word_1_4' title='bbox 87 328 180 381; x_wconf 86' lang='lat' dir='ltr'>salem</span> <span class='ocrx_word' id='word_1_5' title='bbox 198 328 331 396; x_wconf 88' lang='lat' dir='ltr'>universi,</span> <span class='ocrx_word' id='word_1_6' title='bbox 355 330 410 384; x_wconf 91' lang='lat' dir='ltr'>hoc</span> <span class='ocrx_word' id='word_1_7' title='bbox 429 329 511 384; x_wconf 88' lang='lat' dir='ltr'>vobis</span> <span class='ocrx_word' id='word_1_8' title='bbox 530 334 630 384; x_wconf 86' lang='lat' dir='ltr'>notum</span> <span class='ocrx_word' id='word_1_9' title='bbox 649 330 696 397; x_wconf 86' lang='lat' dir='ltr'>sit,</span> <span class='ocrx_word' id='word_1_10' title='bbox 716 333 745 384; x_wconf 83' lang='lat' dir='ltr'>et</span> <span class='ocrx_word' id='word_1_11' title='bbox 763 331 836 384; x_wconf 86' lang='lat' dir='ltr'>auri-</span> 
     </span>
    </p>

    <p class='ocr_par' dir='ltr' id='par_1_3' title="bbox 85 407 890 477">
     <span class='ocr_line' id='line_1_3' title="bbox 85 407 890 477; baseline 0.002 -16"><span class='ocrx_word' id='word_1_12' title='bbox 85 407 146 461; x_wconf 87' lang='lat' dir='ltr'>bus</span> <span class='ocrx_word' id='word_1_13' title='bbox 170 408 306 477; x_wconf 90' lang='lat' dir='ltr'>percipite</span> <span class='ocrx_word' id='word_1_14' title='bbox 332 409 420 464; x_wconf 83' lang='lat' dir='ltr'>verba</span> <span class='ocrx_word' id='word_1_15' title='bbox 444 426 516 464; x_wconf 87' lang='lat' dir='ltr'>mea.</span> <span class='ocrx_word' id='word_1_16' title='bbox 553 410 617 465; x_wconf 93' lang='lat' dir='ltr'>Non</span> <span class='ocrx_word' id='word_1_17' title='bbox 644 410 733 477; x_wconf 86' lang='lat' dir='ltr'>enim,</span> <span class='ocrx_word' id='word_1_18' title='bbox 761 411 837 464; x_wconf 72' lang='lat' dir='ltr'>siunt</span> <span class='ocrx_word' id='word_1_19' title='bbox 858 413 890 465; x_wconf 87' lang='lat'>15</span> 
     </span>
    </p>

    <p class='ocr_par' dir='ltr' id='par_1_4' title="bbox 85 490 912 557">
     <span class='ocr_line' id='line_1_4' title="bbox 85 490 912 557; baseline 0.005 -16"><span class='ocrx_word' id='word_1_20' title='bbox 85 504 143 542; x_wconf 91' lang='lat' dir='ltr'>vos</span> <span class='ocrx_word' id='word_1_21' title='bbox 168 490 341 556; x_wconf 82' lang='lat' dir='ltr'>aestimatis,</span> <span class='ocrx_word' id='word_1_22' title='bbox 367 490 395 543; x_wconf 93' lang='lat' dir='ltr'>hi</span> <span class='ocrx_word' id='word_1_23' title='bbox 421 490 492 544; x_wconf 85' lang='lat' dir='ltr'>ebrii</span> <span class='ocrx_word' id='word_1_24' title='bbox 516 496 599 557; x_wconf 87' lang='lat' dir='ltr'>sunt,</span> <span class='ocrx_word' id='word_1_25' title='bbox 625 507 690 544; x_wconf 90' lang='lat' dir='ltr'>curn</span> <span class='ocrx_word' id='word_1_26' title='bbox 709 490 748 546; x_wconf 89' lang='lat' dir='ltr'>sit</span> <span class='ocrx_word' id='word_1_27' title='bbox 766 490 837 545; x_wconf 84' lang='lat' dir='ltr'>hora</span> <span class='ocrx_word' id='word_1_28' title='bbox 892 500 912 527; x_wconf 80' lang='grc'>’-</span> 
     </span>
    </p>

    <p class='ocr_par' dir='ltr' id='par_1_5' title="bbox 85 560 1023 718">
     <span class='ocr_line' id='line_1_5' title="bbox 86 560 1023 641; baseline 0.004 -19"><span class='ocrx_word' id='word_1_29' title='bbox 86 567 147 623; x_wconf 89' lang='lat' dir='ltr'>diei</span> <span class='ocrx_word' id='word_1_30' title='bbox 165 569 263 624; x_wconf 87' lang='lat' dir='ltr'>tertia:</span> <span class='ocrx_word' id='word_1_31' title='bbox 280 560 345 624; x_wconf 86' lang='lat' dir='ltr'>&#39;sed</span> <span class='ocrx_word' id='word_1_32' title='bbox 364 571 418 625; x_wconf 88' lang='lat' dir='ltr'>hoc</span> <span class='ocrx_word' id='word_1_33' title='bbox 437 573 490 638; x_wconf 85' lang='lat' dir='ltr'>est,</span> <span class='ocrx_word' id='word_1_34' title='bbox 510 570 585 640; x_wconf 87' lang='lat' dir='ltr'>quod</span> <span class='ocrx_word' id='word_1_35' title='bbox 604 570 711 625; x_wconf 85' lang='lat' dir='ltr'>dictum</span> <span class='ocrx_word' id='word_1_36' title='bbox 727 574 772 625; x_wconf 88' lang='lat' dir='ltr'>est</span> <span class='ocrx_word' id='word_1_37' title='bbox 785 588 838 641; x_wconf 87' lang='lat' dir='ltr'>per</span> <span class='ocrx_word' id='word_1_38' title='bbox 857 574 890 624; x_wconf 87' lang='grc'>16</span> <span class='ocrx_word' id='word_1_39' title='bbox 900 589 946 625; x_wconf 73' lang='lat' dir='ltr'>rou</span> <span class='ocrx_word' id='word_1_40' title='bbox 957 594 1023 634; x_wconf 62' lang='lat' dir='ltr'>rur-u</span> 
     </span>
     <span class='ocr_line' id='line_1_6' title="bbox 85 648 991 718; baseline 0.004 -16"><span class='ocrx_word' id='word_1_41' title='bbox 85 648 257 718; x_wconf 86' lang='lat' dir='ltr'>prophetam</span> <span class='ocrx_word' id='word_1_42' title='bbox 276 650 346 704; x_wconf 90' lang='lat' dir='ltr'>loel:</span> <span class='ocrx_word' id='word_1_43' title='bbox 989 665 991 668; x_wconf 82' lang='lat'>·</span> 
     </span>
    </p>
   </div>
   <div class='ocr_carea' id='block_1_3' title="bbox 93 748 1024 2262">
    <p class='ocr_par' dir='ltr' id='par_1_6' title="bbox 93 748 1024 2262">
     <span class='ocr_line' id='line_1_7' title="bbox 123 748 947 817; baseline 0.004 -16"><span class='ocrx_word' id='word_1_44' title='bbox 123 748 162 801; x_wconf 85' lang='lat' dir='ltr'>Et</span> <span class='ocrx_word' id='word_1_45' title='bbox 177 749 230 803; x_wconf 89' lang='lat' dir='ltr'>erit</span> <span class='ocrx_word' id='word_1_46' title='bbox 247 748 276 802; x_wconf 90' lang='lat' dir='ltr'>in</span> <span class='ocrx_word' id='word_1_47' title='bbox 293 748 456 803; x_wconf 85' lang='lat' dir='ltr'>novissimis</span> <span class='ocrx_word' id='word_1_48' title='bbox 472 748 573 803; x_wconf 86' lang='lat' dir='ltr'>diebus</span> <span class='ocrx_word' id='word_1_49' title='bbox 589 748 668 817; x_wconf 87' lang='lat' dir='ltr'>(dicit</span> <span class='ocrx_word' id='word_1_50' title='bbox 684 749 835 817; x_wconf 86' lang='lat' dir='ltr'>Dominus)</span> <span class='ocrx_word' id='word_1_51' title='bbox 857 753 889 803; x_wconf 83' lang='lat'>17</span> <span class='ocrx_word' id='word_1_52' title='bbox 900 772 947 813; x_wconf 63' lang='lat' dir='ltr'>no.</span> 
     </span>
     <span class='ocr_line' id='line_1_8' title="bbox 160 828 836 899; baseline 0.003 -18"><span class='ocrx_word' id='word_1_53' title='bbox 160 828 305 883; x_wconf 84' lang='lat' dir='ltr'>effundam</span> <span class='ocrx_word' id='word_1_54' title='bbox 331 828 367 883; x_wconf 90' lang='lat' dir='ltr'>de</span> <span class='ocrx_word' id='word_1_55' title='bbox 390 828 499 898; x_wconf 81' lang='lat' dir='ltr'>Spiritu</span> <span class='ocrx_word' id='word_1_56' title='bbox 524 846 588 884; x_wconf 90' lang='lat' dir='ltr'>meo</span> <span class='ocrx_word' id='word_1_57' title='bbox 614 846 701 899; x_wconf 88' lang='lat' dir='ltr'>super</span> <span class='ocrx_word' id='word_1_58' title='bbox 723 846 836 885; x_wconf 88' lang='lat' dir='ltr'>omnem</span> 
     </span>
     <span class='ocr_line' id='line_1_9' title="bbox 194 924 324 963; baseline 0.015 -2"><span class='ocrx_word' id='word_1_59' title='bbox 194 924 324 963; x_wconf 86' lang='lat' dir='ltr'>carnem:</span> 
     </span>
     <span class='ocr_line' id='line_1_10' title="bbox 123 987 896 1063; baseline 0.003 -20"><span class='ocrx_word' id='word_1_60' title='bbox 123 992 154 1043; x_wconf 86' lang='lat' dir='ltr'>et</span> <span class='ocrx_word' id='word_1_61' title='bbox 171 989 386 1057; x_wconf 83' lang='lat' dir='ltr'>prophetabunt</span> <span class='ocrx_word' id='word_1_62' title='bbox 400 990 449 1043; x_wconf 85' lang='lat' dir='ltr'>filii</span> <span class='ocrx_word' id='word_1_63' title='bbox 463 990 563 1063; x_wconf 83' lang='lat' dir='ltr'>vestri,</span> <span class='ocrx_word' id='word_1_64' title='bbox 582 993 611 1044; x_wconf 85' lang='lat' dir='ltr'>et</span> <span class='ocrx_word' id='word_1_65' title='bbox 624 990 699 1045; x_wconf 84' lang='lat' dir='ltr'>filiae</span> <span class='ocrx_word' id='word_1_66' title='bbox 713 994 836 1058; x_wconf 84' lang='lat' dir='ltr'>vestrae,</span> <span class='ocrx_word' id='word_1_67' title='bbox 892 987 896 1027; x_wconf 59' lang='grc' dir='ltr'>ἶ</span> 
     </span>
     <span class='ocr_line' id='line_1_11' title="bbox 159 1070 803 1144; baseline 0.003 -21"><span class='ocrx_word' id='word_1_68' title='bbox 159 1073 188 1123; x_wconf 87' lang='lat' dir='ltr'>et</span> <span class='ocrx_word' id='word_1_69' title='bbox 206 1070 325 1124; x_wconf 87' lang='lat' dir='ltr'>iuvenes</span> <span class='ocrx_word' id='word_1_70' title='bbox 344 1070 434 1125; x_wconf 88' lang='lat' dir='ltr'>vestri</span> <span class='ocrx_word' id='word_1_71' title='bbox 452 1070 578 1125; x_wconf 86' lang='lat' dir='ltr'>visiones</span> <span class='ocrx_word' id='word_1_72' title='bbox 597 1070 743 1138; x_wconf 79' lang='lat' dir='ltr'>videbunt,</span> <span class='ocrx_word' id='word_1_73' title='bbox 801 1141 803 1144; x_wconf 23' lang='grc' dir='ltr'>Ι</span> 
     </span>
     <span class='ocr_line' id='line_1_12' title="bbox 122 1150 747 1206; baseline 0.005 -3"><span class='ocrx_word' id='word_1_74' title='bbox 122 1150 299 1204; x_wconf 70' lang='lat' dir='ltr'>‹et-seniores</span> <span class='ocrx_word' id='word_1_75' title='bbox 317 1150 406 1205; x_wconf 83' lang='lat' dir='ltr'>vestri</span> <span class='ocrx_word' id='word_1_76' title='bbox 426 1150 536 1205; x_wconf 87' lang='lat' dir='ltr'>somnia</span> <span class='ocrx_word' id='word_1_77' title='bbox 555 1150 747 1206; x_wconf 79' lang='lat' dir='ltr'>somniabunt.</span> 
     </span>
     <span class='ocr_line' id='line_1_13' title="bbox 157 1228 895 1301; baseline 0.001 -18"><span class='ocrx_word' id='word_1_78' title='bbox 157 1230 194 1285; x_wconf 83' lang='lat' dir='ltr'>Et</span> <span class='ocrx_word' id='word_1_79' title='bbox 219 1229 334 1299; x_wconf 88' lang='lat' dir='ltr'>quidem</span> <span class='ocrx_word' id='word_1_80' title='bbox 360 1246 447 1300; x_wconf 87' lang='lat' dir='ltr'>super</span> <span class='ocrx_word' id='word_1_81' title='bbox 465 1244 564 1286; x_wconf 86' lang='lat' dir='ltr'>servos</span> <span class='ocrx_word' id='word_1_82' title='bbox 583 1248 676 1299; x_wconf 86' lang='lat' dir='ltr'>meos,</span> <span class='ocrx_word' id='word_1_83' title='bbox 701 1234 731 1286; x_wconf 86' lang='lat' dir='ltr'>et</span> <span class='ocrx_word' id='word_1_84' title='bbox 749 1248 836 1301; x_wconf 87' lang='lat' dir='ltr'>super</span> <span class='ocrx_word' id='word_1_85' title='bbox 857 1228 895 1285; x_wconf 69' lang='lat'>18¹</span> 
     </span>
     <span class='ocr_line' id='line_1_14' title="bbox 194 1311 685 1384; baseline 0.004 -19"><span class='ocrx_word' id='word_1_86' title='bbox 194 1311 313 1365; x_wconf 81' lang='lat' dir='ltr'>ancillas</span> <span class='ocrx_word' id='word_1_87' title='bbox 332 1327 411 1365; x_wconf 87' lang='lat' dir='ltr'>meas</span> <span class='ocrx_word' id='word_1_88' title='bbox 683 1381 685 1384; x_wconf 23' lang='grc' dir='ltr'>Ι</span> 
     </span>
     <span class='ocr_line' id='line_1_15' title="bbox 93 1390 784 1463; baseline 0.004 -19"><span class='ocrx_word' id='word_1_89' title='bbox 93 1414 96 1423; x_wconf 57' lang='lat'>2</span> <span class='ocrx_word' id='word_1_90' title='bbox 119 1390 151 1444; x_wconf 91' lang='lat' dir='ltr'>in</span> <span class='ocrx_word' id='word_1_91' title='bbox 169 1390 272 1445; x_wconf 88' lang='lat' dir='ltr'>diebus</span> <span class='ocrx_word' id='word_1_92' title='bbox 291 1390 346 1445; x_wconf 88' lang='lat' dir='ltr'>illis</span> <span class='ocrx_word' id='word_1_93' title='bbox 366 1390 510 1446; x_wconf 85' lang='lat' dir='ltr'>effundam</span> <span class='ocrx_word' id='word_1_94' title='bbox 531 1392 566 1446; x_wconf 90' lang='lat' dir='ltr'>de</span> <span class='ocrx_word' id='word_1_95' title='bbox 585 1392 694 1463; x_wconf 77' lang='lat' dir='ltr'>Spiritu</span> <span class='ocrx_word' id='word_1_96' title='bbox 712 1407 784 1458; x_wconf 84' lang='lat' dir='ltr'>meo,</span> 
     </span>
     <span class='ocr_line' id='line_1_16' title="bbox 157 1470 435 1544; baseline 0 -19"><span class='ocrx_word' id='word_1_97' title='bbox 157 1475 187 1526; x_wconf 89' lang='lat' dir='ltr'>et</span> <span class='ocrx_word' id='word_1_98' title='bbox 205 1470 435 1544; x_wconf 85' lang='lat' dir='ltr'>prophetabunt:</span> 
     </span>
     <span class='ocr_line' id='line_1_17' title="bbox 120 1550 889 1621; baseline 0.001 -16"><span class='ocrx_word' id='word_1_99' title='bbox 120 1555 152 1606; x_wconf 90' lang='lat' dir='ltr'>et</span> <span class='ocrx_word' id='word_1_100' title='bbox 170 1551 245 1606; x_wconf 86' lang='lat' dir='ltr'>dabo</span> <span class='ocrx_word' id='word_1_101' title='bbox 264 1550 396 1621; x_wconf 83' lang='lat' dir='ltr'>prodigia</span> <span class='ocrx_word' id='word_1_102' title='bbox 413 1552 442 1605; x_wconf 92' lang='lat' dir='ltr'>in</span> <span class='ocrx_word' id='word_1_103' title='bbox 462 1553 540 1607; x_wconf 87' lang='lat' dir='ltr'>caelo</span> <span class='ocrx_word' id='word_1_104' title='bbox 560 1567 683 1619; x_wconf 84' lang='lat' dir='ltr'>sursum,</span> <span class='ocrx_word' id='word_1_105' title='bbox 856 1556 889 1607; x_wconf 86' lang='grc'>19</span> 
     </span>
     <span class='ocr_line' id='line_1_18' title="bbox 159 1632 894 1702; baseline 0.001 -15"><span class='ocrx_word' id='word_1_106' title='bbox 159 1636 190 1687; x_wconf 83' lang='lat' dir='ltr'>et</span> <span class='ocrx_word' id='word_1_107' title='bbox 207 1632 291 1702; x_wconf 79' lang='lat' dir='ltr'>signa</span> <span class='ocrx_word' id='word_1_108' title='bbox 310 1632 338 1687; x_wconf 94' lang='lat' dir='ltr'>in</span> <span class='ocrx_word' id='word_1_109' title='bbox 357 1636 434 1687; x_wconf 85' lang='lat' dir='ltr'>terra</span> <span class='ocrx_word' id='word_1_110' title='bbox 453 1632 595 1700; x_wconf 88' lang='lat' dir='ltr'>deorsum,</span> <span class='ocrx_word' id='word_1_111' title='bbox 892 1650 894 1658; x_wconf 82' lang='grc'><strong>’</strong></span> 
     </span>
     <span class='ocr_line' id='line_1_19' title="bbox 120 1712 780 1783; baseline 0 -16"><span class='ocrx_word' id='word_1_112' title='bbox 120 1712 301 1783; x_wconf 83' lang='lat' dir='ltr'>sanguinem,</span> <span class='ocrx_word' id='word_1_113' title='bbox 320 1717 349 1768; x_wconf 87' lang='lat' dir='ltr'>et</span> <span class='ocrx_word' id='word_1_114' title='bbox 367 1713 471 1783; x_wconf 83' lang='lat' dir='ltr'>ignem,</span> <span class='ocrx_word' id='word_1_115' title='bbox 491 1716 520 1767; x_wconf 85' lang='lat' dir='ltr'>et</span> <span class='ocrx_word' id='word_1_116' title='bbox 539 1729 675 1783; x_wconf 85' lang='lat' dir='ltr'>vaporem</span> <span class='ocrx_word' id='word_1_117' title='bbox 695 1712 780 1768; x_wconf 88' lang='lat' dir='ltr'>furni:</span> 
     </span>
     <span class='ocr_line' id='line_1_20' title="bbox 158 1792 890 1861; baseline -0.001 -14"><span class='ocrx_word' id='word_1_118' title='bbox 158 1792 207 1848; x_wconf 86' lang='lat' dir='ltr'>Sol</span> <span class='ocrx_word' id='word_1_119' title='bbox 227 1795 409 1848; x_wconf 83' lang='lat' dir='ltr'>convertetur</span> <span class='ocrx_word' id='word_1_120' title='bbox 429 1792 458 1847; x_wconf 94' lang='lat' dir='ltr'>in</span> <span class='ocrx_word' id='word_1_121' title='bbox 476 1793 621 1861; x_wconf 77' lang='lat' dir='ltr'>tenebras,</span> <span class='ocrx_word' id='word_1_122' title='bbox 854 1797 890 1847; x_wconf 75' lang='lat'>20</span> 
     </span>
     <span class='ocr_line' id='line_1_21' title="bbox 121 1873 927 1943; baseline 0.001 -16"><span class='ocrx_word' id='word_1_123' title='bbox 121 1876 151 1928; x_wconf 87' lang='lat' dir='ltr'>et</span> <span class='ocrx_word' id='word_1_124' title='bbox 169 1874 239 1927; x_wconf 83' lang='lat' dir='ltr'>luna</span> <span class='ocrx_word' id='word_1_125' title='bbox 259 1873 289 1928; x_wconf 93' lang='lat' dir='ltr'>in</span> <span class='ocrx_word' id='word_1_126' title='bbox 308 1873 485 1943; x_wconf 80' lang='lat' dir='ltr'>sanguinem,</span> <span class='ocrx_word' id='word_1_127' title='bbox 890 1884 927 1929; x_wconf 70' lang='grc'><em>·.,,</em></span> 
     </span>
     <span class='ocr_line' id='line_1_22' title="bbox 158 1953 909 2023; baseline 0.001 -16"><span class='ocrx_word' id='word_1_128' title='bbox 158 1957 314 2023; x_wconf 84' lang='lat' dir='ltr'>antequam</span> <span class='ocrx_word' id='word_1_129' title='bbox 332 1954 430 2008; x_wconf 87' lang='lat' dir='ltr'>veniat</span> <span class='ocrx_word' id='word_1_130' title='bbox 449 1954 510 2009; x_wconf 88' lang='lat' dir='ltr'>dies</span> <span class='ocrx_word' id='word_1_131' title='bbox 530 1953 643 2009; x_wconf 88' lang='lat' dir='ltr'>Domini</span> <span class='ocrx_word' id='word_1_132' title='bbox 664 1970 786 2022; x_wconf 78' lang='lat' dir='ltr'>magnus</span> <span class='ocrx_word' id='word_1_133' title='bbox 805 1957 835 2008; x_wconf 85' lang='lat' dir='ltr'>et</span> <span class='ocrx_word' id='word_1_134' title='bbox 905 1968 909 2019; x_wconf 77' lang='lat' dir='ltr'>j</span> 
     </span>
     <span class='ocr_line' id='line_1_23' title="bbox 194 2033 664 2089; baseline 0 -2"><span class='ocrx_word' id='word_1_135' title='bbox 194 2033 373 2089; x_wconf 79' lang='lat' dir='ltr'>manifestus¹</span> <span class='ocrx_word' id='word_1_136' title='bbox 660 2083 664 2087; x_wconf 21' lang='grc' dir='ltr'><em>Α</em></span> 
     </span>
     <span class='ocr_line' id='line_1_24' title="bbox 120 2112 1024 2183; baseline 0.002 -16"><span class='ocrx_word' id='word_1_137' title='bbox 120 2114 159 2169; x_wconf 85' lang='lat' dir='ltr'>Et</span> <span class='ocrx_word' id='word_1_138' title='bbox 171 2114 239 2169; x_wconf 85' lang='lat' dir='ltr'>erit:</span> <span class='ocrx_word' id='word_1_139' title='bbox 251 2114 351 2181; x_wconf 77' lang='lat' dir='ltr'>omnia,</span> <span class='ocrx_word' id='word_1_140' title='bbox 364 2114 535 2183; x_wconf 84' lang='lat' dir='ltr'>quicumque</span> <span class='ocrx_word' id='word_1_141' title='bbox 545 2112 721 2167; x_wconf 82' lang='lat' dir='ltr'>invocaverit</span> <span class='ocrx_word' id='word_1_142' title='bbox 730 2129 834 2167; x_wconf 88' lang='lat' dir='ltr'>nomen</span> <span class='ocrx_word' id='word_1_143' title='bbox 853 2117 927 2171; x_wconf 63' lang='lat'><strong>21:⁴2.</strong></span> <span class='ocrx_word' id='word_1_144' title='bbox 937 2134 955 2167; x_wconf 78' lang='lat' dir='ltr'>a</span> <span class='ocrx_word' id='word_1_145' title='bbox 967 2136 1024 2176; x_wconf 62' lang='lat' dir='ltr'>nna</span> 
     </span>
     <span class='ocr_line' id='line_1_25' title="bbox 157 2194 479 2262; baseline -0.003 -13"><span class='ocrx_word' id='word_1_146' title='bbox 157 2194 281 2262; x_wconf 85' lang='lat' dir='ltr'>Domini,</span> <span class='ocrx_word' id='word_1_147' title='bbox 301 2194 398 2248; x_wconf 85' lang='lat' dir='ltr'>salvus</span> <span class='ocrx_word' id='word_1_148' title='bbox 417 2194 479 2249; x_wconf 83' lang='lat' dir='ltr'>erit.</span> 
     </span>
    </p>
   </div>
   <div class='ocr_carea' id='block_1_4' title="bbox 16 2290 1047 2600">
    <p class='ocr_par' dir='ltr' id='par_1_7' title="bbox 16 2290 958 2365">
     <span class='ocr_line' id='line_1_26' title="bbox 16 2290 958 2365; baseline -0.002 -18"><span class='ocrx_word' id='word_1_149' title='bbox 16 2354 18 2365; x_wconf 17' lang='grc' dir='ltr'><strong>Σ</strong></span> <span class='ocrx_word' id='word_1_150' title='bbox 65 2293 146 2347; x_wconf 84' lang='lat' dir='ltr'>5Viri</span> <span class='ocrx_word' id='word_1_151' title='bbox 157 2292 313 2360; x_wconf 83' lang='lat' dir='ltr'>israelitae,</span> <span class='ocrx_word' id='word_1_152' title='bbox 329 2291 426 2348; x_wconf 85' lang='lat' dir='ltr'>audite</span> <span class='ocrx_word' id='word_1_153' title='bbox 439 2292 527 2347; x_wconf 83' lang='lat' dir='ltr'>verba</span> <span class='ocrx_word' id='word_1_154' title='bbox 538 2292 622 2346; x_wconf 86' lang='lat' dir='ltr'>haec:</span> <span class='ocrx_word' id='word_1_155' title='bbox 637 2292 731 2345; x_wconf 88' lang='lat' dir='ltr'>Iesum</span> <span class='ocrx_word' id='word_1_156' title='bbox 742 2290 834 2345; x_wconf 83' lang='lat' dir='ltr'>Naza-</span> <span class='ocrx_word' id='word_1_157' title='bbox 853 2297 888 2347; x_wconf 77' lang='grc'>22</span> <span class='ocrx_word' id='word_1_158' title='bbox 897 2311 911 2345; x_wconf 82' lang='lat' dir='ltr'><strong>J</strong></span> <span class='ocrx_word' id='word_1_159' title='bbox 921 2315 958 2354; x_wconf 59' lang='lat' dir='ltr'>aa.</span> 
     </span>
    </p>

    <p class='ocr_par' dir='ltr' id='par_1_8' title="bbox 17 2357 983 2525">
     <span class='ocr_line' id='line_1_27' title="bbox 17 2357 983 2442; baseline -0.003 -15"><span class='ocrx_word' id='word_1_160' title='bbox 17 2388 18 2441; x_wconf 63' lang='grc' dir='ltr'>ζ</span> <span class='ocrx_word' id='word_1_161' title='bbox 88 2390 195 2440; x_wconf 89' lang='lat' dir='ltr'>renum,</span> <span class='ocrx_word' id='word_1_162' title='bbox 205 2373 297 2427; x_wconf 88' lang='lat' dir='ltr'>virum</span> <span class='ocrx_word' id='word_1_163' title='bbox 308 2372 596 2442; x_wconf 83' lang='lat' dir='ltr'>approbatumaDeo</span> <span class='ocrx_word' id='word_1_164' title='bbox 606 2372 635 2427; x_wconf 92' lang='lat' dir='ltr'>in</span> <span class='ocrx_word' id='word_1_165' title='bbox 644 2371 736 2439; x_wconf 73' lang='lat' dir='ltr'>nobie,</span> <span class='ocrx_word' id='word_1_166' title='bbox 746 2371 835 2425; x_wconf 88' lang='lat' dir='ltr'>virtu·</span> <span class='ocrx_word' id='word_1_167' title='bbox 872 2357 983 2408; x_wconf 47' lang='grc' dir='ltr'>μω·</span> 
     </span>
     <span class='ocr_line' id='line_1_28' title="bbox 89 2444 939 2525; baseline -0.004 -18"><span class='ocrx_word' id='word_1_168' title='bbox 89 2453 174 2521; x_wconf 88' lang='lat' dir='ltr'>tibus,</span> <span class='ocrx_word' id='word_1_169' title='bbox 187 2456 216 2507; x_wconf 86' lang='lat' dir='ltr'>ct</span> <span class='ocrx_word' id='word_1_170' title='bbox 226 2452 372 2522; x_wconf 65' lang='lat' dir='ltr'>prodigiis</span> <span class='ocrx_word' id='word_1_171' title='bbox 383 2456 412 2509; x_wconf 90' lang='lat' dir='ltr'>et</span> <span class='ocrx_word' id='word_1_172' title='bbox 422 2452 521 2522; x_wconf 78' lang='lat' dir='ltr'>signio,</span> <span class='ocrx_word' id='word_1_173' title='bbox 532 2468 606 2522; x_wconf 85' lang='lat' dir='ltr'>quae</span> <span class='ocrx_word' id='word_1_174' title='bbox 616 2451 686 2506; x_wconf 82' lang='lat' dir='ltr'>fecit</span> <span class='ocrx_word' id='word_1_175' title='bbox 695 2451 774 2505; x_wconf 86' lang='lat' dir='ltr'>Deus</span> <span class='ocrx_word' id='word_1_176' title='bbox 783 2467 837 2525; x_wconf 88' lang='lat' dir='ltr'>per</span> <span class='ocrx_word' id='word_1_177' title='bbox 889 2444 894 2487; x_wconf 64' lang='grc' dir='ltr'><strong>ἲ</strong></span> <span class='ocrx_word' id='word_1_178' title='bbox 934 2466 939 2471; x_wconf 88' lang='lat'><em>·</em></span> 
     </span>
    </p>

    <p class='ocr_par' dir='ltr' id='par_1_9' title="bbox 89 2530 1047 2600">
     <span class='ocr_line' id='line_1_29' title="bbox 89 2530 1047 2600; baseline 0 -13"><span class='ocrx_word' id='word_1_179' title='bbox 89 2534 164 2588; x_wconf 84' lang='lat' dir='ltr'>iilum</span> <span class='ocrx_word' id='word_1_180' title='bbox 179 2533 209 2587; x_wconf 93' lang='lat' dir='ltr'>in</span> <span class='ocrx_word' id='word_1_181' title='bbox 224 2532 316 2587; x_wconf 83' lang='lat' dir='ltr'>medio</span> <span class='ocrx_word' id='word_1_182' title='bbox 331 2533 428 2600; x_wconf 83' lang='lat' dir='ltr'>vestri,</span> <span class='ocrx_word' id='word_1_183' title='bbox 445 2533 520 2587; x_wconf 84' lang='lat' dir='ltr'>sicut</span> <span class='ocrx_word' id='word_1_184' title='bbox 534 2535 562 2587; x_wconf 84' lang='lat' dir='ltr'>et</span> <span class='ocrx_word' id='word_1_185' title='bbox 577 2549 629 2587; x_wconf 88' lang='lat' dir='ltr'>vos</span> <span class='ocrx_word' id='word_1_186' title='bbox 644 2531 739 2586; x_wconf 85' lang='lat' dir='ltr'>scitis:</span> <span class='ocrx_word' id='word_1_187' title='bbox 753 2530 834 2585; x_wconf 76' lang='lat' dir='ltr'>‘bunc</span> <span class='ocrx_word' id='word_1_188' title='bbox 853 2536 888 2585; x_wconf 78' lang='lat'>23</span> <span class='ocrx_word' id='word_1_189' title='bbox 897 2553 945 2595; x_wconf 68' lang='lat' dir='ltr'>me.</span> <span class='ocrx_word' id='word_1_190' title='bbox 958 2553 992 2585; x_wconf 71' lang='grc' dir='ltr'>ιι»</span> <span class='ocrx_word' id='word_1_191' title='bbox 1001 2554 1047 2594; x_wconf 62' lang='lat' dir='ltr'>aa.</span> 
     </span>
    </p>
   </div>
   <div class='ocr_carea' id='block_1_5' title="bbox 92 2762 300 2769">
    <p class='ocr_par' dir='ltr' id='par_1_10' title="bbox 92 2762 300 2769">
     <span class='ocr_line' id='line_1_30' title="bbox 92 2762 300 2769; baseline 0 -1"><span class='ocrx_word' id='word_1_192' title='bbox 92 2762 300 2769; x_wconf 72' lang='lat'><em>..-—--..-.——-</em></span> 
     </span>
    </p>
   </div>
   <div class='ocr_carea' id='block_1_6' title="bbox 143 2908 772 2980">
    <p class='ocr_par' dir='ltr' id='par_1_11' title="bbox 143 2908 772 2980">
     <span class='ocr_line' id='line_1_31' title="bbox 143 2908 772 2980; baseline -0.057 -4"><span class='ocrx_word' id='word_1_193' title='bbox 143 2930 263 2980; x_wconf 79' lang='lat' dir='ltr'>22&gt;per</span> <span class='ocrx_word' id='word_1_194' title='bbox 276 2925 343 2970; x_wconf 87' lang='lat' dir='ltr'>illum</span> <span class='ocrx_word' id='word_1_195' title='bbox 357 2926 416 2970; x_wconf 80' lang='lat' dir='ltr'>deus</span> <span class='ocrx_word' id='word_1_196' title='bbox 442 2927 445 2979; x_wconf 78' lang='grc'>1</span> <span class='ocrx_word' id='word_1_197' title='bbox 471 2947 494 2958; x_wconf 92' lang='grc'><strong>-</strong></span> <span class='ocrx_word' id='word_1_198' title='bbox 511 2928 535 2969; x_wconf 65' lang='lat' dir='ltr'>et</span> <span class='ocrx_word' id='word_1_199' title='bbox 548 2927 576 2970; x_wconf 85' lang='lat'>3⁰</span> <span class='ocrx_word' id='word_1_200' title='bbox 683 2912 686 2917; x_wconf 89' lang='lat'>·</span> <span class='ocrx_word' id='word_1_201' title='bbox 769 2908 772 2912; x_wconf 49' lang='lat'><strong>¹</strong></span> 
     </span>
    </p>
   </div>
   <div class='ocr_carea' id='block_1_7' title="bbox 450 3221 488 3263">
    <p class='ocr_par' dir='ltr' id='par_1_12' title="bbox 450 3221 488 3263">
     <span class='ocr_line' id='line_1_32' title="bbox 450 3221 488 3263; baseline 0.053 -2"><span class='ocrx_word' id='word_1_202' title='bbox 450 3221 488 3263; x_wconf 68' lang='lat' dir='ltr'>:tor</span> 
     </span>
    </p>
   </div>
   <div class='ocr_carea' id='block_1_8' title="bbox 0 0 1142 3434">
    <p class='ocr_par' dir='ltr' id='par_1_13' title="bbox 0 0 1142 3434">
     <span class='ocr_line' id='line_1_33' title="bbox 0 0 1142 3434; baseline 0 1"><span class='ocrx_word' id='word_1_203' title='bbox 0 0 1142 3434; x_wconf 95' lang='lat' dir='ltr'> </span> 
     </span>
    </p>
   </div>
  </div>
 </body>
</html>
