2275 3434
233 117 372 182 ile-aa.
472 117 521 170 AD
546 115 770 171 CORINTHIOS
792 115 825 169 Π.

285 292 330 329 me
351 277 443 343 ipsum
463 275 625 342 humilians,
643 279 676 330 ut
690 293 742 330 vos
759 276 947 330 exaltemini?
969 292 1047 343 quo-

286 346 362 400 niam
401 347 492 415 gratis
527 347 714 416 Evangelium
746 347 801 401 Dei
836 346 1047 415 evangelizavi

105 438 221 480 rinion.
250 418 388 472 8vobis‘?
421 419 499 472 Alias
527 418 672 472 Ecclesias
700 418 860 487 expoliavi,
889 417 1047 486 accipiens

164 510 221 549 nm.
250 489 461 558 iistipendium
481 489 517 544 ad
536 490 726 544 ministerium
744 493 882 544 vestrum.
914 489 952 542 ut
973 505 1048 542 cum

286 577 380 616 essem
400 560 477 630 apud
495 579 562 628 voe,
588 566 617 616 el
645 578 773 631 egerem,
799 561 869 615 nulli
894 577 1048 615 onerosus

287 632 341 686 sui:
361 649 427 686 nam
447 633 523 701 quod
542 633 611 687 mihi
626 633 734 699 deerat,
753 633 961 702 suppleverunt
982 631 1047 685 fra·

286 709 358 771 tres,
379 704 427 772 qui
447 709 586 758 venerunt
604 722 622 759 a
639 704 819 759 Macedonia:
844 707 873 758 et
897 704 929 756 in
947 704 1047 758 omni-

285 776 340 829 bus
360 775 421 830 sine
440 792 525 830 onere
544 793 591 830 me
608 776 690 830 vobis
709 775 836 842 servavi,
855 779 885 829 et
904 775 1044 829 servabo.

125 869 163 900 11<
175 868 222 907 ops.
234 847 268 898 10
286 847 339 902 Est
357 847 465 902 veritas
485 847 593 901 Christi
606 847 640 909 *in
658 863 713 913 me,
731 847 867 916 quoniam
887 846 960 900 haec
981 847 1045 915 glo-

287 918 371 972 riatio
399 935 457 972 non
484 918 656 987 infringetur
683 919 713 972 in
740 935 786 972 me
813 919 843 971 in
870 917 1043 986 regionibus

235 992 266 1042 11
287 990 420 1044 Achaiae.
442 989 573 1059 ¹Quare?
593 990 736 1058 quianon
755 989 842 1058 diligo
860 990 933 1043 vos?
958 989 1042 1042 Deus
1121 1010 1123 1015 ·

236 1063 268 1112 12
288 1061 351 1114 scit.
416 1061 499 1130 Quod
518 1065 615 1115 autem
634 1061 719 1129 faci0,
737 1065 768 1116 et
786 1061 907 1114 faciam:
926 1064 961 1114 ut
981 1077 1042 1114 arn-

288 1137 385 1202 putem
412 1133 593 1186 occasionem
619 1149 732 1199 eorum,
756 1132 805 1201 qui
829 1133 932 1186 volunt
958 1149 1041 1185 occa-

288 1204 406 1270 sionem,
423 1208 456 1258 ut
469 1203 498 1258 in
513 1220 569 1272 quo
583 1204 750 1272 gloriantur,
765 1203 950 1258 inveniantur
964 1203 1040 1256 sicut

88 1298 135 1336 aar.
149 1295 176 1328 m
188 1297 224 1336 aa.
236 1277 270 1327 13
289 1280 396 1330 einos
434 1275 506 1330 Nam
526 1274 665 1330 eiusmodi
691 1274 942 1344 pseudoapostoli,
969 1277 1068 1328 sunt2li

289 1346 411 1414 operarii
437 1345 566 1414 subdoli,
593 1346 831 1416 transfigurantes
856 1363 889 1400 se
914 1346 946 1399 in
973 1363 1038 1415 apo

237 1419 271 1470 14
289 1418 379 1472 stolos
405 1417 520 1472 Christi.
564 1418 601 1472 Et
628 1433 685 1472 non
717 1418 832 1472 mirum:
866 1417 930 1486 ipse
963 1418 1039 1471 enim

237 1491 270 1541 15
290 1494 408 1544 satanas
428 1489 615 1558 transfigurat
630 1506 661 1543 se
675 1489 705 1542 in
720 1491 852 1558 angelum
865 1489 949 1542 lucie.
982 1506 1038 1542 non

290 1565 335 1614 est
354 1577 421 1628 ergo
440 1577 592 1629 magnum,
618 1562 643 1614 si
661 1561 785 1615 ministri
804 1561 866 1614 eius
885 1560 1038 1628 transfigu-

290 1635 388 1686 rentur
406 1632 484 1686 velut
509 1632 631 1686 ministri
658 1632 799 1687 iustitiae:
826 1648 950 1700 quorum
973 1631 1035 1684 finis

291 1703 345 1757 erit
364 1702 520 1756 secundum
540 1720 628 1772 opera
646 1704 781 1772 ipsorum.

180 1796 225 1837 op.
238 1778 271 1827 16
361 1774 467 1828 Iterum
486 1773 565 1841 dico,
585 1778 633 1841 (ne
653 1775 717 1843 quis
736 1791 782 1829 me
800 1777 884 1843 putet
902 1773 1034 1843 insipien·

290 1850 348 1901 tem
368 1861 447 1912 esse,
474 1846 599 1914 alioquin
618 1847 697 1900 velut
715 1846 898 1914 insipientem
919 1845 1036 1914 accipite

238 1921 270 1970 17
290 1934 351 1983 me,
376 1921 408 1970 ut
434 1922 462 1972 et
486 1933 539 1986 ego
558 1916 702 1975 modicum
727 1917 796 1986 quid
813 1917 931 1991 glorier)
948 1915 1039 1986 lquod

290 1990 398 2057 loquor,
417 2005 473 2042 non
488 1989 589 2057 loquor
603 1989 760 2043 secundum
774 1988 875 2054 Deum,
889 1989 944 2042 sed
958 1988 1040 2058 quasi

291 2060 319 2114 in
356 2060 539 2128 insipientia,
577 2060 607 2114 in
638 2061 693 2114 hac
725 2059 891 2114 substantia
922 2060 1039 2128 gloriae.

239 2135 272 2185 18
292 2131 432 2200 Quoniam
451 2131 532 2185 multi
556 2131 715 2200 gloriantur
733 2130 890 2186 secundum
909 2147 1037 2184 carnem:

239 2207 272 2257 19
292 2207 321 2256 et
340 2219 392 2270 ego
411 2201 561 2270 gloriabor.
599 2202 735 2257 Libenter
758 2202 832 2256 enim
852 2201 984 2256 suffertis
1004 2203 1039 2256 in-

238 2278 273 2328 20
292 2274 443 2342 sipientes:
469 2291 532 2328 cum
559 2275 623 2328 sitis
642 2274 698 2343 ipsi
717 2274 872 2342 sapientes.
910 2272 1042 2328 Sustine·

292 2345 330 2399 tis
350 2345 425 2398 enim
444 2344 468 2398 si
488 2345 551 2413 quis
571 2362 623 2400 vos
642 2346 672 2399 in
691 2345 860 2400 servitutem
878 2343 1001 2414 redigit,
1020 2344 1043 2397 si

293 2417 356 2485 quis
376 2411 510 2482 devorat,
529 2417 554 2470 si
574 2417 639 2485 quis
658 2417 778 2486 accipit,
803 2416 828 2469 si
847 2415 912 2484 quis
931 2417 1044 2470 extolli·

238 2491 272 2542 21
292 2493 347 2554 tur,
368 2488 475 2557 siquis
494 2487 523 2540 in
543 2487 646 2542 faciem
665 2505 717 2542 vos
737 2488 839 2542 caedit.
877 2486 1043 2542 Secundum

293 2559 501 2627 ignobilitatem
531 2559 608 2626 dico,
636 2560 719 2628 quasi
744 2576 797 2613 nos
824 2557 928 2612 infirmi
957 2558 1044 2612 fueri-

233 2683 235 2687 .
293 2648 356 2685 mus
376 2631 405 2683 in
424 2631 478 2684 hac
497 2635 588 2699 parte.
625 2630 657 2685 In
676 2648 732 2700 quo
751 2631 815 2699 quis
835 2628 922 2684 audet
942 2630 984 2696 (in
1003 2630 1043 2682 in-

154 2723 181 2754 m
194 2705 274 2761 sphi
294 2701 429 2771 sipientia
448 2701 522 2765 dico)
543 2702 635 2756 audeo
655 2707 684 2756 et
703 2719 771 2770 ego:
821 2700 945 2754 Hebraei
965 2704 1043 2764 sunt,

347 2825 450 2860 emenia
464 2819 487 2857 Α
514 2825 540 2860 10
555 2816 633 2868 gloria
664 2823 690 2858 12
701 2818 766 2860 tales
779 2816 829 2860 inv.
845 2815 883 2856 F!
909 2821 935 2858 13
949 2817 1043 2858 -sunt

294 2878 317 2913 11
337 2883 389 2914 cum
408 2872 460 2924 ipse
480 2883 518 2914 en.
532 2873 558 2910 F
581 2875 584 2914 1
611 2871 848 2923 transfigurarerr·
872 2872 876 2920 Ι
900 2868 925 2910 in
940 2872 949 2917 ]
964 2869 1042 2910 utF1

294 2931 320 2966 15
329 2924 562 2977 transfigurarcntur
572 2926 598 2963 F
621 2929 647 2964 1⁶
656 2925 726 2976 putat
734 2925 757 2964 A
771 2923 894 2966 existimet
902 2925 928 2962 F
937 2928 941 2964 Ι
954 2933 1041 2965 -esse

294 2977 355 3016 AF1
397 2998 421 3008 -
437 2979 500 3020 ctF
539 2984 564 3018 17
579 2987 628 3019 sec.
644 2976 766 3019 dominum
779 2976 845 3029 wa
864 2980 867 3018 Ι
889 2975 1031 3027 t-in10ii

295 3029 460 3082 insipientiam
472 3032 494 3069 11
510 3035 542 3082 ‚it
551 3035 576 3070 21
619 3036 646 3071 20
660 3030 788 3082 accepiiF
805 3036 809 3076 ι
828 3034 850 3078 >
862 3029 887 3070 in
900 3039 946 3071 vos
959 3028 1007 3070 lac.
1020 3028 1041 3070 A

295 3090 318 3124 :21
333 3087 397 3130 nos]
412 3094 459 3124 uon
475 3083 533 3134 F¹l
556 3083 760 3135 -inhacparte
775 3081 859 3134 [mm
878 3083 882 3132 Ι
901 3081 1040 3124 -in20A1

638 3161 679 3203 474
