2275 3434
227 146 367 214 aes-as.
414 143 613 202 secvuovu
637 145 873 202 uerrunevu.

227 309 260 360 23
280 307 379 362 mulier
404 326 439 362 cx
465 309 511 362 ilia
536 310 614 363 liora.
651 309 688 363 Et
712 326 777 363 cum
800 309 927 363 venisset
946 309 1028 363 iesus

281 388 308 442 in
335 387 448 442 domurn
474 389 625 458 principia,
652 393 681 443 ct
704 389 824 443 vidisset
846 389 979 443 tibicines
998 395 1026 443 et

74 484 216 528 ranna.
227 469 261 519 24
279 469 392 523 turbam
410 470 640 534 tumultuantem,
651 470 656 508 Ι
668 469 793 524 dicebat:
808 469 955 523 Recedite:
970 487 1026 524 nou

280 554 325 604 est
347 550 421 604 enim
445 552 557 603 mortua
576 550 683 617 puella,
706 549 758 603 sed
776 549 888 604 dormit.
924 549 961 604 Et
980 549 1027 604 de·

226 629 410 684 corruebant
437 647 510 683 eum.
553 629 589 682 Et
617 647 681 683 cum
710 631 801 684 eiecta
828 634 907 684 esset
933 631 1027 695 turba,

280 711 410 765 intravit:
438 713 466 763 et
492 709 584 762 tenuit
608 726 723 764 manum
742 711 811 764 eius.
848 710 886 766 Et
903 711 1028 764 surrexit

226 793 260 843 26
279 792 381 860 puella.
425 789 461 843 Et
493 788 563 843 exiit
595 789 672 844 fama
703 790 776 844 haec
806 791 835 844 in
865 791 1027 845 universam

226 873 259 924 27
280 875 385 926 terram
403 871 488 924 illam.
561 868 598 924 Et
616 873 783 925 transeunte
801 870 867 924 inde
886 871 963 936 Iesu,
984 866 1057 946 se-ff,

280 952 338 1006 cuti
364 955 431 1005 sunt
457 967 522 1004 eum
547 948 603 1004 duo
627 952 718 1017 caeci,
743 952 913 1017 clamanteS,
939 955 968 1005 et
987 951 1029 1004 di-

226 1033 261 1083 ‘28
280 1034 389 1086 centes:
405 1031 537 1084 Miserere
552 1031 650 1096 nostri,
665 1031 703 1085 fili
717 1030 818 1085 David.
845 1030 1029 1085 Cunrautem

280 1112 406 1166 venisset
433 1110 560 1178 domum,
587 1115 769 1166 accesserunt
795 1111 832 1165 ad
857 1127 922 1165 eum
941 1111 1028 1165 caeci.

280 1192 317 1246 Et
340 1191 408 1246 dicit
431 1191 472 1245 eis
491 1191 584 1246 Iesus:
611 1190 733 1245 Creditis
751 1192 820 1260 quia
837 1191 892 1245 hoc
909 1208 1028 1261 possum

281 1273 375 1326 facere
404 1271 505 1326 vobis?
549 1271 656 1326 Dicunt
683 1272 724 1325 ei:
753 1272 870 1340 Utique,
897 1271 1028 1326 Domine.

170 1372 216 1414 au.
227 1354 261 1404 29
281 1352 360 1406 Tunc
378 1352 475 1420 tetigit
494 1352 590 1405 oculos
609 1368 715 1417 eorum,
735 1350 845 1405 dicens:
865 1350 1029 1406 Secundum

181 1450 216 1492 ar.
228 1435 262 1484 30
281 1432 365 1487 fidem
385 1435 511 1486 vestram
529 1431 580 1485 fiat
594 1432 685 1486 vobis,
717 1430 753 1485 Et
767 1432 858 1500 aperti
873 1432 1029 1486 suntoculi

281 1530 392 1567 eorum:
412 1516 441 1566 et
460 1512 649 1566 comminatus
668 1516 713 1566 est
732 1512 786 1565 illis
804 1512 897 1579 lesus,
916 1511 1028 1565 dicens?

228 1595 260 1644 31
282 1592 381 1646 Videte
395 1609 431 1646 ne
446 1592 509 1661 quis
524 1592 606 1647 sciat.
625 1592 666 1646 Illi
678 1595 775 1646 autem
786 1596 933 1659 exeuntes,
948 1591 1030 1646 diffa-

229 1676 262 1724 32
282 1677 432 1728 maveruut
455 1689 519 1726 eum
542 1673 571 1727 in
595 1676 657 1726 tota
675 1675 753 1727 terra
770 1673 825 1726 illa.
897 1672 1032 1741 Egressis

283 1757 379 1807 autem
401 1753 468 1820 illis,
495 1769 561 1807 ecce
581 1753 745 1808 obtulerunt
764 1753 789 1807 ei
808 1752 950 1807 hominem
969 1769 1029 1806 mu·
1056 1817 1059 1822 Ι

229 1835 263 1884 33
282 1837 351 1900 tum,
371 1831 550 1887 daemonium
570 1833 731 1887 habentem.
759 1833 796 1888 Et
810 1833 901 1887 eiecto
916 1831 1030 1886 daemo-

282 1913 337 1980 nic,
353 1913 466 1967 locutus
481 1916 525 1967 est
539 1917 645 1980 mutua,
660 1918 690 1969 et
703 1913 823 1968 miratae
836 1915 905 1967 sunt
919 1913 1034 1979 turbae,

283 1992 427 2047 dicentes:
458 1993 618 2062 Numquam
647 1994 780 2062 apparuit
808 1994 850 2046 sic
878 1993 906 2046 in
934 1992 1029 2046 lsrael.

162 2092 218 2132 aar.
230 2076 264 2125 34
283 2073 428 2128 Pharisaei
447 2076 543 2127 autem
560 2074 705 2128 dicebaut:
725 2073 756 2127 lu
773 2073 900 2142 principe
917 2072 1031 2125 daemo-

282 2153 392 2211 niorum
412 2154 486 2208 eiicit
506 2153 668 2208 daemones

172 2333 220 2374 aar.
230 2317 264 2366 35
354 2313 390 2368 Et
423 2315 560 2370 circuibat
588 2315 668 2368 lesus
696 2330 794 2368 omnes
822 2314 969 2379 civitatee,
1002 2317 1060 2396 et}

284 2395 414 2461 castella,
452 2394 558 2450 docens
594 2395 624 2447 in
661 2395 814 2464 synagogis
848 2411 959 2459 eorum,
1002 2399 1032 2447 et

284 2475 451 2543 praedicans
496 2475 674 2543 evangelium
717 2475 812 2544 regni,
856 2477 884 2528 et
927 2491 1031 2528 crimus
1120 2516 1122 2547 Ι

284 2573 396 2609 omnem
423 2556 605 2625 languorem,
633 2560 661 2608 ct
689 2572 801 2609 ornnem
828 2555 1031 2608 infirmitatem.
1120 2550 1122 2631 ξ

132 2637 265 2732 110ιὲἙῶίί
285 2635 389 2690 Videns
431 2639 527 2689 autem
566 2635 681 2702 turbas,
722 2636 856 2689 misertus
893 2638 938 2690 est
975 2630 1058 2710 eim}

186 2720 221 2741 μ
1120 2718 1122 2721 .

339 2803 683 2858 momummmw

338 2875 363 2911 25
378 2867 429 2910 eius
443 2871 451 2916 ]
467 2867 488 2921 ᾖ
503 2868 528 2919 †
544 2869 568 2910 ct
583 2866 643 2910 dixit
653 2865 751 2910 :Puella
765 2877 853 2920 surge:
937 2880 940 2884 ⁴

338 2937 365 2972 28
380 2933 402 2979 >
418 2940 484 2982 poss.
500 2928 546 2971 hoc

338 2998 365 3034 30
379 3002 428 3034 eor.
444 2995 452 3040 ]
467 2991 563 3034 illorum

339 3060 366 3096 33
380 3053 498 3096 daemone

339 3121 365 3158 35
379 3114 523 3159 circumibat
536 3123 567 3157 eo

638 3190 667 3237 Q
