2275 3434
275 178 395 235 ACTVS
417 178 702 236 APOSTOLORVM.
782 182 907 249 4,5-1a

110 340 240 407 verbum,
266 340 462 397 crediderunt:
489 345 519 397 et
542 342 637 397 factus
657 346 703 397 est
720 357 855 397 numerus

109 422 231 476 virorum
250 420 375 490 quinque
394 421 489 476 millia.

178 500 299 555 Factum
318 505 363 556 est
382 505 478 556 autem
497 502 526 557 in
545 503 718 570 crastinum,
739 506 772 558 ut
790 519 856 558 con·
875 505 891 556 5

108 584 294 651 gregarentur
312 581 455 651 principes
475 598 586 650 eorum,
612 587 642 637 et
660 583 802 651 seniores,
827 587 856 638 et

109 662 218 717 scribae
233 662 264 715 in
274 662 436 717 Ierusalem.
463 667 492 718 et
501 663 601 718 Annas
614 663 748 733 princeps
762 680 856 718 sacer·
875 667 891 717 6

110 743 216 810 dotum,
241 746 271 797 et
290 740 424 811 Caiphae,
443 747 472 797 et
490 744 621 811 Ioannes,
640 748 669 799 et
686 744 856 811 Alexander,

110 827 138 878 et
160 825 304 892 quotquot
326 826 408 877 erant
427 822 585 892 degenere
604 824 783 881 sacerdotali.
819 824 857 879 Et
875 828 891 877 7
920 844 1018 887 mum.

108 906 271 959 statuentes
299 919 349 957 eos
376 903 405 957 in
430 903 537 971 medic,
565 904 796 974 interrogabant:
824 904 856 959 In

108 1000 164 1052 qua
189 983 310 1049 virtute,
337 977 387 1038 ant
412 983 441 1039 in
466 1001 521 1053 quo
540 985 654 1039 nomine
673 984 785 1040 fecistis
803 985 858 1040 hoc

108 1064 178 1119 vos?
217 1062 299 1119 Tunc
325 1064 451 1133 repletus
480 1064 589 1133 Spiritu
616 1069 719 1121 sancto
745 1066 893 1132 retrusa
921 1086 1048 1129 uernam

108 1144 179 1199 dixit
207 1142 245 1199 ad
270 1160 333 1199 eos:
363 1144 511 1214 Principes
536 1146 650 1215 populi,
676 1150 706 1201 et
729 1146 857 1201 seniores

108 1224 222 1279 audite:
260 1223 292 1279 si
316 1241 369 1281 nos
395 1224 479 1281 hodie
504 1224 694 1281 diiudicamur
717 1227 748 1281 in
772 1227 893 1282 bene-9

109 1305 185 1361 iacto
200 1305 324 1361 hominis
339 1305 450 1373 infirmi,
465 1306 494 1361 in
508 1324 564 1375 quo
580 1307 635 1362 iste
649 1308 747 1362 salvus
762 1307 857 1364 sactus

108 1390 160 1454 est,
177 1388 295 1441 'notum
313 1386 353 1441 sit
371 1386 503 1441 omnibus
521 1387 614 1454 vobis,
638 1391 668 1442 et
686 1388 763 1443 omni
781 1388 858 1457 plebi
878 1389 912 1440 10
921 1408 1028 1451 epm-ra.

109 1466 210 1521 Israel:
240 1465 309 1535 quia
336 1466 364 1521 in
392 1467 506 1521 nomine
533 1466 648 1523 Domini
675 1468 766 1524 nostri
792 1468 858 1523 Iesu

110 1545 216 1601 Christi
230 1546 381 1613 Nazareni‚
397 1563 482 1616 quem
496 1564 548 1602 vos
565 1548 756 1616 crucifixistis,
772 1565 859 1618 quem

109 1628 186 1683 Deus
213 1626 367 1682 suscitavit
390 1644 408 1681 a
425 1628 559 1696 mortuis,
585 1628 614 1683 in
633 1629 687 1685 hoc
705 1629 761 1684 iste
780 1632 859 1684 astat

110 1724 205 1763 coram
222 1707 306 1762 vobis
325 1723 421 1763 sanus.
458 1708 512 1763 Hic
531 1712 577 1763 est
594 1710 677 1779 lapis,
696 1708 745 1779 qui
763 1726 859 1780 repro·
878 1711 911 1763 11
923 1729 1019 1772 mmm

108 1788 195 1845 batus
221 1791 268 1843 est
293 1803 311 1843 a
335 1787 416 1843 vobis
435 1788 669 1857 aedificnntstrun,
695 1790 744 1859 qui
763 1789 858 1845 factus
921 1774 1026 1817 ΜΨ·

110 1869 201 1925 estin
220 1870 309 1937 caput
328 1868 437 1937 anguli:
457 1872 487 1923 et
505 1885 562 1924 non
582 1869 672 1924 estin
690 1871 744 1925 alio
763 1870 858 1939 aliquo
878 1871 912 1924 12
923 1890 950 1925 m
961 1890 1009 1933 ιρι.

110 1950 196 2004 salus.
234 1947 295 2003 Nec
320 1948 395 2003 enim
419 1948 496 2004 aliud
519 1965 623 2003 nornen
641 1953 687 2004 est
705 1950 760 2003 sub
779 1950 859 2004 caelo

111 2029 210 2084 datum
229 2028 401 2096 hominibus
419 2028 522 2098 inquo
541 2032 674 2098 oporteat
691 2046 745 2083 nos
763 2030 859 2084 salvos

80 2109 180 2164 lufieri.
218 2107 355 2165 Videntes
381 2111 478 2164 autem
496 2109 575 2164 Petri
598 2109 804 2176 constantiam,
830 2112 860 2163 et
879 2111 913 2164 13

110 2189 241 2256 Ioannis,
285 2193 430 2258 comperto
473 2182 548 2259 quud
591 2189 720 2245 homines
761 2192 860 2243 essent

111 2270 171 2325 sine
204 2268 323 2336 litteris,
356 2273 386 2324 et
413 2268 535 2337 idiotae,
568 2268 798 2336 admirabantur,
831 2272 860 2323 et

112 2349 326 2419 cognoscebant
359 2365 409 2403 eos
440 2350 575 2419 quoniam
606 2367 671 2404 cum
702 2349 767 2404 lesu
799 2348 860 2403 fue·

113 2433 190 2485 rant:
235 2429 379 2484 hominem
416 2446 529 2499 quoque
565 2430 698 2486 videntes
733 2432 859 2485 stantem
880 2431 978 2493 14³,aa

114 2526 176 2564 cum
210 2509 267 2576 eis,
302 2509 351 2579 qui
383 2513 499 2565 curatus
532 2509 643 2578 fuerat,
679 2508 748 2565 nihil
779 2512 859 2578 pote-

114 2594 177 2645 rant
204 2589 409 2645 contradicere.
446 2590 595 2646 iusserunt
620 2594 717 2645 autern
742 2606 792 2645 eos
817 2588 860 2643 fo·
881 2589 913 2643 15

115 2686 160 2725 ras
179 2672 262 2725 extra
280 2669 430 2725 concilium
449 2669 599 2726 secedere:
625 2675 654 2727 et
673 2669 860 2727 conferebant

116 2748 150 2805 ad
176 2749 315 2817 invicem,
336 2750 340 2789 ¹
361 2748 502 2804 dicentes:
537 2750 612 2821 Quid
640 2751 779 2806 faciemus
811 2749 1007 2814 ho·l6r11‚rr.

167 2968 218 3016 a>
233 2965 296 3019 petr.
310 2964 395 3019 replet.
410 2964 468 3019 spir.
484 2975 503 3010 a.
532 2964 534 3018 Ι
561 2985 585 2997 -
601 2964 683 3010 audite

168 3027 328 3072 erudiremur

168 3096 193 3133 10
207 3110 231 3125 -
246 3089 343 3134 Domini
359 3088 438 3133 nostri

169 3158 195 3195 12
209 3156 232 3203 >
248 3163 312 3198 nom.
328 3152 359 3195 al.

477 3229 517 3277 307
