2275 3434
226 98 390 199 'mar-io.
477 133 526 186 nn
551 132 775 187 coniuratos
798 126 839 185 rs

92 313 132 344 21<
143 313 220 353 r,1o.11.
231 293 264 344 31
286 291 419 362 Quotidie
439 293 543 347 morior
561 310 613 362 per
631 296 757 346 vestram
771 292 901 360 gloriam,
920 293 1041 356 fratrea,

285 381 371 432 quam
398 365 490 420 habeo
514 365 542 418 in
566 363 681 418 Christo
701 364 765 417 Iesu
784 364 906 418 Domino
925 367 1041 417 nostro.

132 455 151 487 1.
162 438 266 496 n,1³.32
286 435 317 490 Si
341 435 511 502 (secundum
529 435 684 501 hominem)
708 434 746 488 ad
771 434 882 489 bestias
908 436 1043 503 pugnavi

285 506 406 577 Ephesi,
424 507 493 575 quid
511 507 582 561 mihi
600 507 731 575 prodest,
750 506 775 559 si
793 506 898 560 mortui
917 523 978 559 non
997 523 1045 559 re·

286 580 427 646 surgimt'?
447 577 661 645 manducemus
680 577 710 632 et
723 578 866 642 bibamus
881 594 945 630 cras
960 578 1043 632 enim

232 651 266 702 33
285 650 447 704 moriemur.
478 649 573 705 Nolite
592 649 703 703 seduci:
728 647 923 717 Corrumpunt
941 665 1043 702 mores

63 722 267 782 1r1r,11.n⁵,1r.34
285 722 376 775 bonos
392 721 533 790 colloquia
546 722 631 774 mala.
654 720 796 788 Evigilate
811 719 889 786 iusti,
904 724 933 773 et
946 720 1042 774 nolite

84 789 120 826 aa.
130 784 221 826 mm·
285 807 419 861 peccare:
435 792 627 860 ignorantiam
638 792 713 846 enim
723 792 777 845 Dei
787 791 905 860 quidam
919 790 1042 862 hahent,

286 863 323 918 ad
343 863 532 918 reverentiam
550 863 633 916 vobis
652 865 760 932 loquor,
1009 868 1013 877 '

232 935 266 986 35
356 934 415 988 Sed
447 933 524 989 dicet
552 933 670 1004 aliquis:
703 933 852 1004 Quomodo
882 938 1041 1002 resurgunt

138 1027 221 1071 tran.
232 1008 266 1058 36
286 1006 410 1059 mortui?
437 1007 550 1074 qualive
576 1022 694 1075 corpore
717 1004 851 1059 venient?
883 1005 1039 1074 insipiens

286 1081 317 1131 tu
337 1077 414 1146 quod
439 1077 565 1132 seminas
591 1094 648 1132 non
673 1077 849 1143 vivificatur,
874 1077 931 1130 nisi
955 1077 1039 1145 prius

232 1151 265 1200 37
286 1149 431 1203 moriatur.
459 1148 496 1204 Et
510 1148 587 1218 quod
602 1148 736 1215 seminas,
754 1165 812 1202 non
827 1165 940 1216 corpus
959 1148 1038 1216 quod

287 1219 414 1274 futurum
434 1224 487 1286 est,
507 1220 642 1286 seminas,
660 1219 713 1273 sed
731 1219 839 1273 nudum
853 1236 986 1288 granum,
1007 1225 1037 1273 ut

131 1313 162 1347 (1¹11
175 1317 221 1356 1,11.
233 1293 267 1343 38
286 1294 357 1360 puta
385 1291 488 1356 tritici,
514 1295 565 1346 aut
594 1286 728 1345 alicuius'
742 1295 911 1345 ceterorum.
957 1291 1036 1344 Deus

288 1369 383 1416 autem
403 1361 453 1416 dat
472 1362 511 1416 illi
530 1379 634 1432 corpus
653 1363 729 1416 sicut
742 1362 818 1416 vult:
838 1365 868 1415 et
883 1362 1037 1431 unicuique

233 1436 267 1486 39
287 1434 427 1487 seminum
445 1434 592 1503 proprium
611 1450 723 1502 corpus.
760 1433 823 1487 Non
847 1433 941 1487 omnis
962 1451 1036 1498 caro,

287 1504 387 1559 eadem
407 1521 488 1559 caro:
512 1505 564 1559 sed
590 1506 647 1559 alia
665 1504 780 1573 quidem
798 1505 963 1571 hominurn,
982 1507 1035 1558 alia

287 1593 353 1630 vero
373 1592 516 1645 pecorum,
536 1577 593 1630 alia
611 1577 766 1643 volucrum,
787 1576 844 1629 alia
863 1580 962 1630 autem
979 1576 1035 1645 pis-

232 1649 268 1699 40
287 1648 369 1701 cium.
402 1647 439 1700 Et
458 1663 579 1716 corpora
597 1647 743 1714 caelestia,
762 1651 791 1701 et
809 1664 932 1715 corpora
950 1651 1033 1701 terre-

287 1719 373 1773 stria:
393 1718 444 1772 sed
464 1719 520 1772 alia
539 1719 654 1788 quidem
670 1719 838 1773 caelestium
855 1719 959 1786 gloria,
979 1718 1031 1772 alia

233 1793 266 1844 41
288 1795 384 1845 autern
411 1791 605 1846 terrestrium:
638 1791 702 1844 Alia
729 1790 845 1844 claritas
871 1790 957 1857 solis,
980 1789 1033 1843 alia

288 1862 403 1916 claritas
418 1863 510 1929 lunae,
525 1866 555 1916 et
570 1862 627 1916 alia
641 1861 757 1916 claritas
771 1861 928 1915 stellarum.
949 1861 1035 1916 Stella

233 1935 268 1984 42
289 1932 363 1988 enirn
383 1949 400 1986 a
419 1934 503 1986 stella
529 1932 626 1987 differt
651 1933 679 1986 in
706 1932 851 1987 claritate:
878 1933 923 1986 sic
949 1939 980 1987 et
999 1949 1038 1986 re·

289 2003 426 2058 surrectio
435 2009 618 2059 mortuorum.
639 2003 802 2058 Seminatur
810 2004 839 2057 in
847 2005 1040 2073 corruptione,

108 2100 135 2132 1¹11
147 2099 224 2142 mom.
234 2077 269 2126 43
289 2079 387 2144 surget
402 2075 431 2129 in
444 2075 665 2144 incorruptione.
686 2074 850 2129 Seminatur
863 2074 893 2129 in
908 2075 1040 2143 ignobili-

289 2151 359 2214 tate,
370 2149 470 2216 surget
478 2147 507 2201 in
521 2147 626 2216 gloria:
642 2146 806 2200 Seminatur
820 2146 849 2199 in
863 2147 1040 2211 infirmitate,

235 2219 270 2270 44
290 2222 388 2286 surget
407 2219 435 2271 in
454 2218 576 2272 virtute:
601 2218 766 2273 Seminatur
784 2233 887 2286 corpus
907 2219 1043 2284 animale,

290 2294 389 2358 surget
398 2307 501 2358 corpus
512 2290 649 2360 spiritale.
696 2288 727 2342 Si
737 2294 784 2344 est
792 2305 897 2357 corpus
907 2289 1042 2350 animale,

147 2384 178 2418 on
190 2387 226 2425 ra.
236 2361 271 2411 45
291 2360 1042 2431 estetspiritale,¹sicutscriptumestzFactusestpri·

109 2432 226 2508 lxm·
290 2451 354 2487 mus
364 2434 448 2487 homo
458 2432 550 2486 Adam
564 2433 594 2486 in
608 2433 733 2486 animam
749 2433 902 2497 viventem,
918 2433 1042 2487 novissi-

191 2497 196 2518 ’
221 2497 271 2554 '46
290 2521 354 2558 mus
361 2504 453 2558 Adam
463 2505 491 2557 in
502 2505 634 2572 spiritum
642 2504 843 2557 vivificantem.
854 2501 912 2556 Sed
919 2519 978 2557 non
986 2505 1042 2572 pri·

291 2592 325 2628 us
336 2575 412 2644 quod
423 2575 550 2644 spiritale
562 2580 615 2641 est,
630 2575 682 2629 sed
696 2575 772 2644 quod
783 2575 918 2628 animale:
937 2574 1040 2630 deinde

343 2690 368 2726 31
384 2685 481 2736 propter
496 2684 566 2779 {AF
598 2689 625 2726 32
638 2683 738 2736 prodest
753 2681 836 2734 [prode
846 2680 951 2742 estFlt
967 2682 994 2724 Si

290 2739 428 2790 resurgunt,
444 2735 498 2778 Man
518 2769 523 2780 .
539 2736 606 2788 wit
641 2743 667 2778 33
681 2736 746 2778 mala
759 2740 767 2784 ]
782 2736 809 2785 -l-
819 2735 894 2777 subrri
908 2737 990 2778 estote
1005 2735 1041 2775 1³²

290 2797 317 2833 34
331 2790 433 2843 vigilate
444 2789 481 2830 ΡΞ
499 2795 502 2837 Ι
520 2790 585 2833 iuste
604 2792 608 2827 l
628 2794 650 2839 >
661 2790 699 2832 dei
715 2789 778 2832 enim
788 2791 811 2828 A
829 2789 833 2832 Ι
851 2798 902 2830 rev.
917 2791 1039 2839 (vererun-

291 2844 364 2886 uiam»
392 2849 418 2886 35
429 2844 488 2886 dicit
497 2845 535 2896 F!
548 2844 613 2906 quali
628 2847 708 2886 autem
721 2846 724 2880 Ι
737 2844 839 2904 veniunt
870 2848 897 2885 38
906 2843 978 2894 prout
989 2845 1013 2882 F
1027 2847 1030 2892 Ι

291 2897 370 2942 voluit
379 2896 424 2942 &A
452 2905 479 2939 39
490 2919 513 2929 -
525 2898 619 2950 quidem
632 2898 635 2950 Ι
649 2918 672 2927 -
681 2908 738 2939 vero
750 2909 753 2933 ι
767 2896 816 2938 alra
826 2907 883 2938 caro
892 2895 940 2937 vol.
954 2896 1009 2945 (Fi)
1026 2899 1030 2939 ι

292 2973 315 2983 -
327 2953 407 2992 autern
419 2950 456 2989 pu
483 2957 508 2992 4ο
519 2951 580 3003 glor.
592 2950 691 3001 (gratia)
701 2954 710 2998 ]
720 2954 746 3001 ÷
754 2952 793 2992 est
802 2951 827 2988 11'
852 2955 877 2991 41
889 2970 912 2980 -
924 2952 949 2991 et
958 2951 983 2988 .1
994 2951 998 2995 Ι
1010 2950 1039 2991 ab

292 3007 322 3046 st.
335 3003 353 3055 tt
368 3003 449 3046 stillae
461 3005 496 3041 Fi
524 3010 549 3045 42
560 3004 595 3044 ita
608 3006 643 3052 F!
656 3005 833 3055 corruptionem
847 3011 866 3044 er
880 3003 1039 3054 incorruptio-

291 3068 347 3098 nem
354 3058 379 3095 Ir'
399 3059 457 3102 42144
465 3057 543 3107 surgit
551 3065 627 3107 quater
634 3055 739 3107 milti
748 3059 783 3105 4⁰)
807 3062 833 3097 45
841 3055 877 3097 sic
886 3057 912 3097 et
921 3066 966 3096 scr.
975 3053 1039 3106 mil

293 3107 498 3157 (uineauacms)
520 3109 614 3156 iosed]
623 3109 690 3160 etFl
704 3109 800 3161 >prius
807 3108 894 3150 nonA¹
906 3110 909 3159 Ι
922 3107 1040 3150 animust
