2275 3434
221 166 382 235 tuln—26.
408 166 549 234 ¹ACTVS
572 166 854 225 APOSTOLORVM.

276 331 308 382 ut
370 328 443 382 diem
502 329 690 384 Pentecostes
749 329 858 384 faceret
916 330 1023 384 leroso-

275 409 366 477 lymis.

223 493 255 544 17
346 491 369 543 Α
388 490 483 544 Mileto
502 494 599 544 autem
617 491 737 545 mittens
755 490 915 559 Ephesum,
941 508 1023 546 voca·

74 588 136 631 rara
153 591 209 632 ran.
222 574 256 635 18
277 570 317 623 vit
342 570 464 624 maiores
487 572 559 625 natu
577 570 731 625 Ecclesiae.
769 570 823 639 Qui
847 586 914 624 cum
932 571 1025 625 venis-

275 655 340 705 sent
359 649 395 704 ad
415 666 495 717 eum,
514 654 544 705 et
563 651 646 704 simul
666 655 779 717 essent,
798 651 871 705 dixit
890 650 948 705 eis:
969 652 1024 705 Vos

275 731 356 785 scitis
384 747 401 784 a
429 730 521 799 prima
548 729 610 797 die,
643 746 700 800 qua
727 732 874 801 ingressus
902 748 969 785 sum
997 732 1025 785 in

273 811 386 877 Asiam,
412 811 535 880 qualiter
560 812 709 865 vobiscum
733 828 785 881 per
806 826 890 866 omne
909 816 1025 881 tempus

192 915 209 947 a.
222 896 255 948 19
275 891 391 958 fuerim,
429 892 557 946 serviens
576 892 698 946 Domino
724 908 788 946 cum
812 892 888 946 omni
913 892 1026 946 humili·

274 976 343 1038 tate,
367 976 396 1025 et
413 972 556 1041 lacrymis
576 976 606 1026 et
624 972 841 1038 tentationibus,
861 974 1026 1041 quaemihi

218 1057 255 1109 20
275 1052 439 1107 acciderunt
464 1070 499 1107 ex
524 1052 636 1107 insidiis
659 1052 842 1108 Iudaeorum:
880 1054 1026 1122 quomodo

273 1133 341 1187 nihil
364 1133 555 1187 subtraxerim
574 1133 699 1200 utilium,
725 1150 781 1203 quo
800 1133 894 1187 minus
914 1150 1027 1189 ennun-

273 1212 376 1267 ciarem
396 1212 487 1280 vobiS,
511 1218 541 1267 et
560 1213 691 1267 docerem
710 1230 763 1268 vos
781 1214 904 1283 publice,
923 1217 955 1269 et
974 1231 1026 1284 per

218 1298 251 1349 21
273 1292 387 1358 domOS,
404 1294 409 1331 ¹
424 1292 584 1347 testificans
603 1292 731 1360 ludaeiS,
754 1298 840 1363 atque
860 1293 1025 1349 Gentilibus

273 1373 301 1425 in
320 1372 412 1426 Deum
431 1374 647 1442 poenitentiam,
668 1378 697 1427 et
715 1373 801 1428 tidem
820 1374 848 1428 in
868 1375 1024 1429 Dominum

150 1460 253 1518 n‚n.22
272 1457 401 1507 nostrum
421 1452 513 1507 Iesum
533 1453 688 1509 Christum.
724 1452 760 1508 Et
780 1470 856 1507 nunc
876 1470 945 1509 ecce
965 1456 1025 1510 alii·

73 1521 80 1538 ’
271 1537 357 1602 gatus
384 1550 436 1603 ego
463 1534 581 1603 spiritu,
607 1533 681 1588 vado
705 1534 734 1589 in
752 1534 921 1589 ierusalem:
948 1552 1025 1605 quae

66 1621 252 1679 o,1o·,n,⁴.11.23
272 1614 301 1667 in
320 1630 355 1667 ea
373 1618 495 1673 ventura
513 1614 573 1668 sint
590 1613 668 1680 mihi,
687 1614 837 1683 ignorans:
868 1614 924 1668 nisi
946 1616 1024 1685 qnod

273 1693 396 1762 Spiritus
429 1698 547 1748 sanctus
580 1709 632 1762 per
663 1710 762 1748 omnes
791 1694 924 1748 civitates
953 1697 1023 1750 mihi

271 1777 461 1842 protestatur,
485 1773 598 1828 dicens:
625 1773 759 1843 quoniam
778 1774 905 1840 vincula,
924 1780 956 1830 et
976 1776 1022 1830 tri·

148 1853 433 1921 21,1a.24bulntiones
452 1854 631 1923 ierosolymis
649 1871 696 1908 me
713 1858 839 1908 manent.
874 1852 934 1907 Sed
953 1856 1017 1909 nihil

124 1925 160 1956 Μ’
171 1926 207 1965 ⁴³⁷·
271 1934 371 1988 horum
383 1950 494 1989 vereor:
510 1951 562 1988 nec
578 1934 653 1989 facio
668 1936 794 1988 animam
807 1951 901 1988 meam
915 1936 1021 2002 pretio·

272 2014 375 2068 siorem
383 2016 468 2084 quam
476 2031 530 2081 me,
542 2014 695 2069 dummodo
703 2030 897 2069 consummem
904 2032 1020 2069 cursum

271 2110 374 2161 meum,
389 2099 418 2149 et
432 2095 621 2149 ministerium
633 2095 721 2162 verbi,
736 2094 812 2164 quod
824 2095 923 2165 accepi
937 2112 956 2149 e
965 2096 1022 2149 Do

271 2174 346 2228 mino
366 2176 438 2241 Iesu,
457 2175 605 2230 testificari
624 2175 810 2244 Evangelium
829 2175 942 2244 gratiae
958 2175 1021 2229 Dei.

216 2262 251 2313 25
270 2254 307 2309 Et
325 2271 401 2309 nnnc
420 2270 485 2309 ecoe
504 2272 557 2324 ego
577 2256 637 2309 scio
652 2256 720 2323 quia
734 2255 856 2324 amplius
870 2271 927 2309 non
942 2256 1021 2309 vide·

269 2335 339 2388 bitis
359 2335 461 2389 faciem
479 2352 573 2390 meam
592 2353 644 2389 vos
663 2352 770 2402 omnes
789 2352 841 2404 per
854 2351 927 2404 quos
942 2340 1020 2390 tran·

159 2440 205 2480 ias.
216 2422 251 2472 26
271 2415 324 2467 sivi
343 2416 513 2484 praedicans
532 2432 650 2483 regnum
666 2416 727 2469 Dei.
757 2415 936 2485 Quapropter
953 2432 1019 2470 con·

230 2498 232 2505 '
270 2499 362 2549 testor
379 2512 431 2549 vos
450 2496 588 2549 hodierna
607 2496 665 2562 die,
690 2496 758 2565 quia
775 2494 898 2550 mundns
917 2513 981 2549 sum
1001 2513 1018 2549 a

270 2678 482 2685 *uu-

323 2806 349 2842 16
362 2800 521 2853 pentecosten

322 2878 350 2913 20
364 2871 385 2924 ξ
400 2870 508 2915 subtrax.
523 2871 595 2915 vobis

322 2950 349 2984 22
364 2944 421 2985 eunt

322 3020 349 3055 23
365 3017 387 3063 >
402 3014 503 3067 protest.
519 3013 576 3056 mihi
601 3018 605 3066 1
632 3035 655 3045 -
670 3014 824 3067 ierosolymis

323 3091 348 3127 24
364 3106 387 3116 -
403 3084 470 3128 verbi

613 3216 654 3260 364

319 3282 332 3315 s
