2275 3434
303 157 499 250 SECllNDVM
526 157 701 214 lOANNElll.
772 157 916 224 ‹iae-49.

112 335 226 372 velum:
253 319 321 388 quia
346 319 418 373 alius
445 319 556 388 estqui
576 318 714 385 seminat,
740 321 770 372 et
789 317 861 372 alius

113 402 160 454 est
178 399 227 469 qui
245 399 335 454 metit.
363 398 423 468 Ego
442 399 507 453 misi
525 414 578 454 voa
596 402 704 454 meiere
718 397 795 468 quod
809 415 861 452 vos
880 400 916 451 38

113 496 171 534 non
197 479 364 534 laborastis:
391 480 438 535 alii
463 481 681 547 laboraverunt,
708 483 737 534 ei
761 495 814 534 vos
832 478 861 532 in

112 560 227 615 labores
246 576 343 614 eorum
362 560 510 615 introistia

184 640 227 695 Ex
253 640 369 695 civitate
394 644 490 694 autem
513 641 562 695 illa
580 640 662 695 mulii
682 639 863 695 crediderunt
881 641 956 693 3922

111 723 142 777 in
162 737 227 776 cum
247 719 505 787 Samaritanorum,
530 723 648 789 propter
665 721 784 774 verbnm
802 737 863 773 mu-

111 801 189 856 lieris
204 800 399 856 testimonium
413 800 605 869 perhibentis:
620 800 694 870 Quia
709 800 780 855 dixit
793 800 862 854 mihi

113 881 210 936 omnia
228 896 424 950 quaecumque
444 879 507 934 feci.
538 878 610 934 Cum
628 881 776 935 venissent
794 897 862 949 ergo
881 881 917 932 40

114 961 151 1016 ad
174 961 253 1015 illum
273 959 462 1027 Samaritani,
487 964 660 1029 rogaverunt
684 977 749 1015 eum
772 966 804 1015 ui
822 961 862 1015 ibi

114 1045 249 1096 maneret.
285 1040 322 1095 Et
339 1041 447 1096 mansit
465 1041 505 1095 ibi
524 1040 597 1095 duos
617 1032 687 1096 dica
702 1041 755 1095 ¹Et
772 1042 862 1096 mulio
880 1041 914 1092 41

114 1122 209 1191 plures
235 1120 418 1176 crediderunt
436 1122 464 1175 in
484 1138 549 1176 eum
567 1124 685 1190 propter
703 1138 862 1176 sermonem

114 1201 184 1256 eiua.
227 1201 264 1256 bt
296 1202 406 1256 mulien'
434 1201 585 1256 dicebant:
619 1201 693 1271 Quia
719 1202 777 1256 iarn
805 1219 861 1258 non
880 1203 1019 1261 timna

111 1285 231 1352 propter
255 1285 335 1336 tuam
360 1283 501 1352 loquelam
523 1281 681 1337 credimus:
708 1282 763 1352 ipsi
786 1283 862 1337 enim

112 1361 290 1428 audivimus,
318 1365 345 1417 et
371 1362 478 1416 scimus
502 1362 568 1431 quia
587 1362 633 1415 hic
651 1365 697 1416 est
715 1379 781 1417 vere
801 1362 861 1418 Sal-

113 1446 198 1497 vator
216 1441 321 1496 mundi.

87 1506 106 1588 {²
184 1521 256 1577 Post
275 1521 346 1576 duos
366 1525 462 1576 autem
482 1522 543 1577 dies
563 1522 633 1576 exiit
646 1521 726 1576 inde:
746 1525 776 1576 et
791 1522 862 1576 abiit
880 1524 1012 1582 43lit4,12.

82 1604 142 1658 ³-⁵in
169 1601 333 1656 Galilaeam.
370 1603 435 1671 Ipse
461 1602 536 1657 enim
561 1602 861 1657 Iesus-,testimonium
880 1603 916 1653 44
925 1621 954 1653 »ιι
965 1604 1023 1661 ian}

88 1662 95 1686 ¹
111 1682 258 1753 perhibuit
272 1682 340 1751 quia
349 1683 494 1751 Propheta
507 1682 536 1736 in
551 1698 606 1736 sua
618 1681 713 1750 patria
726 1683 862 1738 honorem
925 1666 1003 1751 ἕῆἓῖ,

81 1757 170 1838 {non
189 1763 285 1817 habet
324 1762 395 1817 Gum
415 1779 481 1832 ergo
501 1762 629 1817 venisset
648 1763 677 1817 in
696 1763 862 1829 Galilaeam,
880 1763 973 1822 ‘tinia

112 1846 287 1912 excepeiunt
306 1839 372 1897 eum'
385 1841 513 1908 Galilaei,
533 1859 597 1897 cum
612 1844 708 1898 omnia
722 1841 863 1898 vidissent

112 1941 188 1994 quae
208 1924 316 1980 fecerat
335 1923 514 1991 lerosolymis
533 1923 562 1976 in
582 1923 628 1977 die
647 1923 738 1978 festo:
758 1927 788 1977 et
805 1923 862 1991 ipsi

112 2003 189 2060 enim
208 2006 347 2058 venerant
365 2001 401 2057 ad
421 2001 496 2056 diem
515 2002 630 2056 festum.

184 2083 270 2137 Venit
302 2099 369 2152 ergo
401 2083 504 2137 iterum
537 2081 565 2136 in
599 2082 679 2137 Cana
708 2082 862 2149 Galilaeae,
881 2086 916 2136 46
925 2103 981 2144 ω.

79 2159 162 2240 {lubi
191 2162 261 2219 fecii
288 2179 392 2233 aquam
419 2163 524 2217 vinum.
568 2162 718 2216 *Eterat
746 2161 862 2232 quidam
926 2147 941 2180 Β
953 2148 989 2188 ⁸¹⁸¹

111 2245 243 2314 regulus,
281 2243 362 2297 cuius
399 2243 473 2297 filius
505 2241 704 2296 infirmabatur
725 2241 862 2312 ,Caphar-

110 2341 208 2380 naum.
254 2323 308 2378 Hic
342 2340 407 2377 cum
440 2322 569 2377 audisset
602 2323 670 2391 quia
700 2323 781 2378 Iesus
814 2321 863 2376 ad·
881 2327 1007 2386 47nni..

110 2405 224 2460 veniret
243 2421 260 2458 a
278 2404 383 2458 Iudaea
401 2404 430 2458 in
450 2403 621 2469 Galilaeam,
643 2403 714 2457 abiit
732 2402 770 2456 ad
789 2419 862 2470 eum,

110 2489 142 2540 et
167 2485 290 2554 rogabat
316 2501 380 2538 eum
406 2488 438 2538 ut
464 2483 666 2550 descenderet,
692 2488 721 2538 et
746 2489 862 2538 sanaret

109 2565 201 2620 filium
238 2565 317 2619 eius:
351 2565 507 2634 incipiebat
545 2565 621 2618 enim
652 2565 731 2618 mori.
782 2564 862 2618 Dixit
880 2569 1078 2627 482‚1c.11(1,22.

111 2662 180 2716 ergo
199 2645 280 2699 lesus
306 2645 342 2699 ad
367 2661 446 2699 eum:
474 2645 537 2699 Nisi
560 2645 658 2713 signa,
684 2648 714 2699 et
731 2643 863 2714 prodigia

109 2725 252 2794 videntia,
270 2743 328 2781 non
347 2725 472 2780 creditia
506 2724 585 2780 Dicit
604 2725 640 2779 ad
654 2742 719 2780 eum
733 2725 860 2794 regulus:
880 2728 915 2779 49

166 2993 193 3030 38
206 2985 316 3030 laborem

167 3064 193 3102 41
208 3079 232 3091 -
247 3057 273 3102 ln
288 3067 342 3102 eum

168 3135 195 3174 45
209 3129 240 3174 ad
253 3133 262 3180 ]
276 3129 302 3174 iu

475 3206 515 3252 241
