2275 3434
225 104 410 173 talo-lau
442 105 563 159 ACTVS
581 102 864 159 APOSTOLORVM.

277 264 412 319 cederent
441 266 477 319 ah
506 264 644 331 invicem,
676 267 706 318 et
731 262 883 318 Barnabas
910 262 1027 332 quidem

96 392 100 402 ,
156 348 259 407 mato
278 349 427 415 assumpto
452 346 546 400 Marco
572 344 724 413 navigaret
747 344 881 413 Cyprum.
918 343 1027 397 Paulus

117 408 213 452 ΜΨ·
277 442 345 480 vero
371 426 462 481 electo
481 425 541 480 Sila
566 424 714 493 profectus
734 431 794 491 est,
819 423 944 479 traditus
963 440 1027 492 gra·
1127 497 1128 506 ἵ

223 508 257 559 41
278 506 336 560 tiae
364 506 418 560 Dei
446 523 464 560 a
491 505 638 559 fratribus,
679 504 902 565 perambulabat
930 507 1028 559 autern

279 585 406 655 Syriam,
439 589 469 641 et
496 585 640 653 Ciliciam,
667 586 839 640 confirmans
866 584 1027 639 Ecclesias:

278 666 458 735 praecipiens
478 666 622 721 custodire
641 669 798 735 praecepta
814 665 1027 734 Apostolorum,

82 772 143 810 nau
156 771 212 811 aa.
222 736 260 808 16
280 750 309 801 et
334 747 485 802 seniorum.
563 746 698 801 Pervenit
722 750 819 801 autem
842 745 973 812 Derben,
1000 750 1028 799 et

49 872 52 879 .
87 814 213 899 p‚,}‚ff‚.¹§{j
278 827 421 896 Lystram.
440 826 497 881 *Et
512 844 579 881 ecce
595 826 751 896 discipulus
770 826 887 896 quidam
904 830 968 880 erat
987 826 1068 879 thila

278 907 391 963 nornine
401 907 578 975 Timotheus
592 907 667 962 filius
680 906 807 961 mulieris
820 905 945 961 Iudaeae
959 905 1028 959 fide·
1038 896 1069 940 Ψ)

177 1013 214 1053 aa
241 987 328 1053 alis,
354 991 437 1055 patre
456 988 571 1059 Gentili,
608 987 682 1042 Huic
704 986 902 1041 testimonium
918 986 1030 1041 bonum

277 1067 437 1122 reddebant
466 1068 515 1137 qui
547 1068 577 1121 in
605 1068 717 1137 Lystris
745 1071 841 1134 erant,
874 1070 904 1121 et
930 1066 1030 1122 Iconio

242 1148 259 1197 3
279 1147 390 1202 fratres.
423 1148 507 1202 Hunc
525 1148 616 1203 voluit
629 1148 735 1202 Paulus
754 1164 852 1201 secum
869 1146 1029 1216 proficisci:

279 1231 308 1282 et
326 1244 478 1284 assumens
494 1227 671 1282 circumcidit
685 1244 750 1282 eum
763 1231 882 1297 propter
894 1226 1030 1293 Iudaeos,

279 1308 327 1377 qui
346 1312 428 1363 erant
447 1308 476 1363 in
495 1308 549 1363 illis
569 1309 647 1363 locis,
677 1308 813 1379 Sciebant
832 1308 907 1362 enim
927 1324 1029 1362 omnes

116 1413 213 1453 aar-aa
242 1390 260 1440 4
279 1388 354 1457 quod
379 1392 463 1457 pater
488 1389 549 1443 eius
571 1393 634 1443 erat
653 1388 783 1443 Gentilis.
839 1387 910 1441 Cum
929 1391 1030 1443 autem

278 1469 487 1537 pertransirent
501 1469 643 1537 civitates
657 1469 811 1524 tradebant
825 1470 867 1523 eis
881 1468 1030 1523 custodire
1130 1509 1132 1512 -

278 1548 429 1618 dogmata,
449 1565 522 1618 quae
542 1554 625 1604 erant
643 1549 759 1604 decreta
777 1550 814 1603 ab
831 1548 980 1618 Apostolis
999 1553 1030 1604 et

242 1632 258 1681 5
277 1629 452 1693 senioribus
479 1630 527 1698 qui
553 1633 636 1685 erant
659 1630 846 1699 [erosolymis
919 1629 957 1683 Et
976 1630 1028 1683 Ec-

278 1710 382 1763 clesiae
401 1709 516 1779 quidem
535 1710 778 1765 continuabantur
795 1709 864 1776 fide,
889 1713 919 1763 et
938 1709 1027 1764 abun-
1130 1709 1132 1770 l

278 1788 387 1843 dabant
404 1806 522 1844 numero
542 1789 678 1859 quotidie.
1130 1781 1132 1790 '

155 1896 212 1937 aar.
242 1873 258 1923 6
348 1870 543 1925 Transeuntes
559 1875 655 1925 autem
669 1871 830 1939 Phrygiam,
845 1874 875 1924 et
889 1869 1073 1934 Galatiae&

277 1950 436 2019 regionem,
461 1950 552 2006 vetati
578 1954 646 2005 sunt
665 1969 683 2005 a
701 1951 809 2020 Spiritu
828 1954 929 2005 sancto
948 1950 1027 2020 loqui

241 2032 257 2083 7
277 2030 396 2085 verbum
411 2030 464 2085 Dei
482 2030 511 2085 in
526 2031 603 2085 Asia.
637 2031 709 2085 Cum
723 2031 870 2085 venissent
885 2034 984 2085 autem
998 2031 1027 2084 in

277 2110 413 2179 Mysiam,
438 2112 590 2165 tentabant
609 2111 649 2165 ire
668 2112 697 2165 in
716 2111 894 2179 Bithyniam:
920 2115 951 2165 et
969 2129 1029 2167 non

241 2194 260 2243 8
277 2190 407 2259 permisit
432 2207 481 2245 eos
501 2191 626 2259 Spiritus
645 2191 717 2245 Iesu.
756 2191 828 2259 Cum
846 2194 943 2245 autem
962 2203 1070 2260 per-44
1130 2191 1132 2254 }

276 2270 451 2326 transissent
476 2271 611 2339 Mysiam,
637 2270 847 2325 descenderunt
869 2270 1027 2325 Troadem:
1067 2302 1071 2308 ·

104 2376 213 2417 nanno.
241 2351 329 2406 9¹et
347 2350 419 2405 visio
443 2368 494 2419 per
513 2357 626 2406 noctem
644 2352 734 2408 Paulo
754 2356 872 2406 ostensa
890 2356 950 2405 est:
978 2352 1029 2405 Vir

277 2430 394 2485 lllacedo
405 2430 521 2500 quidam
531 2436 594 2487 erat
604 2434 694 2499 staua,
704 2435 733 2486 et
743 2432 901 2501 deprecans
912 2448 986 2497 eum,
998 2437 1029 2486 et
1130 2469 1132 2472 -

329 2646 355 2683 39
371 2661 394 2672 -
411 2638 506 2691 quidem
586 2637 798 2686 40Doi]domini

330 2707 355 2745 41
371 2723 394 2734 -
409 2703 514 2755 praecip.
531 2731 572 2743 ...
588 2700 676 2743 senior.

331 2764 379 2819 lep
394 2763 451 2818 §m
465 2764 490 2806 in
505 2763 600 2806 Derben

330 2833 381 2869 2-
400 2827 490 2869 bonum

330 2896 344 2930 3
358 2887 457 2941 gentilis
472 2889 538 2931 essct

330 2950 397 3001 aqui
411 2951 495 2993 essent

330 3014 483 3061 c>sancto
499 3012 586 3065 spiritu
601 3012 631 3065 (ᾗ
646 3013 732 3064 spritu)
758 3016 761 3065 Ι
788 3013 869 3055 -Dei

330 3073 463 3115 7-mw

618 3150 661 3197 348
