2275 3434
227 135 439 233 'tom-nn.
490 163 689 220 anovuovu
717 125 848 217 nvmri.

253 335 288 383 34
306 333 401 384 motus
429 332 481 382 est.
518 327 556 381 at
584 325 757 396 appropians
784 323 914 393 alligavit
945 325 1071 380 vulnera

296 409 376 476 eiua,
395 407 549 464 infundens
564 408 665 472 oleum,
685 409 714 460 et
729 406 839 460 vinum:
860 407 890 458 at
905 403 1072 475 imponam

305 491 383 544 ilium
402 489 431 544 in
450 490 608 543 iruuentum
628 504 723 547 suum,
751 485 831 540 duxit
849 484 878 538 in
900 487 1071 541 stabulum.

251 575 286 623 35
305 575 334 626 et
362 587 459 624 euram
487 568 549 623 eius
579 568 645 636 egit.
682 566 718 621 Et
747 567 837 620 attera
865 563 914 620 die
939 570 1068 635 protulit

306 650 378 706 duos
406 649 553 715 denarioS,
583 651 612 702 et
639 646 716 702 dedit
742 644 915 714 stabulario,
946 651 984 702 et
1015 651 1069 703 ait:

306 730 409 784 Curam
432 728 507 784 illius
526 728 616 782 trabe:
640 732 669 782 et
688 725 886 796 quodcumque
907 742 1069 796 superero-

251 819 285 867 36
304 811 432 880 gavone,
458 827 511 878 ego
535 825 601 864 oum
619 808 728 863 rediero
747 805 864 862 reddam
884 805 948 861 tihi
997 810 1069 880 Qui,-

304 893 405 946 homm
424 890 509 946 trium
526 889 639 944 videtur
658 888 710 943 tihi
729 887 876 957 proximus
895 885 1002 945 fuisse
1024 892 1067 944 illi.

156 979 283 1035 snus-37
304 972 363 1041 qui'
381 970 480 1026 incidit
507 970 537 1024 in
564 970 711 1024 latrones?
749 969 786 1022 nt
811 967 857 1022 ille
882 965 979 1023 dixit:
1015 971 1066 1041 Qui

306 1051 374 1106 fecit
391 1049 617 1106 misericordiam
635 1049 664 1104 in
679 1049 764 1102 illum.
797 1047 833 1100 Et
849 1047 890 1100 ait
903 1045 948 1102 illi
964 1049 1066 1104 Iesus:

304 1131 391 1198 Vade,
411 1134 441 1186 et
458 1135 491 1185 tu
510 1131 557 1184 fao
577 1129 713 1185 similiter.

81 1234 156 1278 unp,
174 1218 285 1279 nnn-²38
375 1211 495 1267 Factum
521 1214 565 1264 est
591 1213 703 1275 autem,
730 1208 797 1263 dum
822 1207 912 1274 irent,
942 1214 974 1263 et
1004 1212 1065 1282 ipse

304 1291 422 1347 intravit
453 1291 483 1345 in
515 1290 659 1360 quoddam
692 1290 855 1344 castelium:
892 1291 921 1342 et
958 1294 1065 1347 mulier

304 1372 445 1442 quaedam
473 1372 584 1426 Martha
614 1370 743 1435 nomine,
776 1368 888 1437 excepit
916 1366 1006 1426 illum
1040 1375 1062 1426 in

250 1459 284 1507 39
304 1453 418 1507 domum
451 1470 548 1518 suam,
591 1454 619 1505 et
648 1450 714 1504 huic
742 1453 803 1504 erat
830 1464 912 1504 soror
940 1455 1063 1507 nornine

303 1534 406 1600 Maria,
432 1550 506 1604 quae
531 1532 620 1586 etiam
645 1531 748 1586 sedens
775 1547 858 1584 secus
883 1528 978 1598 pedes
1006 1534 1061 1587 Do-

249 1620 285 1668 to
303 1615 387 1681 mini,
413 1612 549 1669 audiebat
567 1612 687 1667 verbum
705 1611 787 1666 illiue.
825 1609 937 1664 Martha
958 1617 1060 1667 autem

303 1696 457 1764 satagebat
483 1693 558 1748 eirea
584 1693 719 1762 frequens
745 1689 950 1746 ministerium:
982 1709 1060 1762 quae

303 1775 398 1841 stetit,
427 1778 456 1829 et
485 1773 539 1828 ait:
568 1772 703 1838 Domine,
732 1789 789 1826 non
818 1773 863 1825 est
887 1769 941 1823 tibi
969 1788 1059 1828 curae

303 1854 381 1924 quod
399 1854 479 1909 soror
496 1870 560 1908 mea
578 1853 692 1922 reliquit
706 1869 751 1906 me
766 1853 856 1907 solam
870 1849 1058 1908 ministrare?

248 1942 281 1991 41
303 1934 349 1988 dio
375 1951 442 2004 ergo
461 1934 516 2002 illi,
542 1938 574 1988 ut
592 1949 638 1987 me
658 1933 782 1987 adiuvet.
819 1931 856 1986 Et
874 1931 1056 2000 respondens

303 2015 375 2070 dixit
398 2015 438 2069 illi
457 2015 611 2071 Dominus:
637 2013 762 2080 Martha,
787 2013 912 2078 Martha,
939 2013 1055 2069 solicita

154 2118 181 2152 m
192 2119 237 2159 qa.
249 2103 283 2152 42
303 2113 342 2163 ea,
362 2100 392 2151 et
409 2096 535 2151 turbaris
554 2111 624 2164 erga
640 2094 768 2163 plurima.
801 2092 889 2148 Porro
904 2109 995 2148 unum
1009 2101 1052 2148 est

303 2177 504 2231 necessarium.
541 2175 632 2231 Maria
657 2174 795 2243 optimam
820 2177 931 2241 partem
956 2174 1053 2242 elegit.

303 2273 376 2325 quae
394 2274 451 2311 nou
471 2256 618 2312 auferetur
637 2255 672 2309 ab
693 2271 735 2308 ea.

249 2333 281 2400 11
373 2337 410 2390 Et
438 2336 546 2392 factum
575 2338 637 2391 est:
671 2352 735 2389 oum
764 2337 841 2388 esset
869 2334 897 2387 in
926 2333 1051 2402 quodam
1062 2339 1076 2412 ¹ss

190 2443 237 2482 qn.
302 2419 364 2472 loco
401 2434 501 2483 oraria,
544 2420 577 2471 ut
614 2415 753 2481 cessavit,
796 2414 867 2468 dixit
904 2430 978 2468 unus
1015 2408 1070 2468 ex'

303 2497 449 2566 discipulis
493 2498 554 2551 eius
600 2495 636 2549 ad
678 2512 757 2550 eum:
801 2494 936 2561 Domine,
981 2493 1051 2550 doce

303 2595 354 2631 uos
387 2594 483 2643 orare,
517 2577 592 2630 siout
624 2575 721 2629 docuit
753 2579 781 2628 et
814 2574 934 2628 Ioannes
967 2573 1049 2629 disci-

355 2960 379 2995 41
396 2952 461 2995 oiroa

355 3038 395 3088 un
413 3038 434 3083 >
450 3034 504 3077 looo
520 3033 589 3084 quod,
617 3035 621 3084 1
648 3037 670 3081 >
687 3031 871 3074 attondeant

650 3217 689 3259 180
