2275 3434
285 136 436 206 ari-55.
525 145 723 205 SECVNDVM
751 153 884 212 LVCAM.

189 312 217 346 ru
228 314 275 354 aa.
285 299 319 351 41
340 299 458 369 singulis
478 322 580 361 manus
600 309 762 381 imponens,
788 318 908 374 curabat
932 341 1000 380 eos.
1042 329 1074 381 Ex

156 355 275 399 ”²⁸'¹¹'¹²'
338 378 409 435 bant
428 389 523 439 autern
544 387 693 447 daemonia
713 412 730 447 a
749 397 846 451 nudtis
865 401 1048 462 clamantia.
1070 437 1075 454 ·

338 459 478 518 dicentia:
504 467 577 535 Quia
597 475 627 524 to
647 489 678 526 es
699 475 772 529 tilius
792 477 858 531 Dei:
886 485 915 535 et
939 485 1085 558 increpa«

336 557 393 595 non
421 543 534 601 sinebat
562 566 596 603 ea
622 552 712 622 loqui:
742 557 809 625 quia
833 559 974 620 sciebant
1004 571 1072 638 ipsu·

281 622 316 672 42
336 637 400 676 esse
420 623 573 683 Christum.
647 633 735 690 Facta
762 642 856 693 autern
884 641 932 696 die
955 663 1083 712 egressu

335 701 395 756 ibat
415 704 443 757 in
458 705 603 764 desertum
618 713 718 777 locum,
739 722 768 771 et
782 719 884 775 turbae
899 729 1081 794 requirebas·

334 798 407 849 eum,
428 789 456 839 ct
475 796 615 846 venerunt
634 811 723 864 usque
743 798 779 851 ad
799 799 905 867 ipsum:
925 811 959 860 et
981 809 1082 865 detine-

232 863 313 918 a,1.43
332 861 404 918 bant
429 866 507 921 iilum
525 886 561 924 ne
582 871 741 931 discederet
760 879 796 931 ab
816 881 865 934 eis.
904 883 1028 953 Quibus
1049 895 1076 945 iu

333 943 387 998 ait:
426 946 499 1015 Quia
532 954 561 1005 et
594 954 656 1006 aliis
690 957 855 1014 civitatibus
888 973 1013 1032 oportet
1048 992 1074 1025 m·

332 1028 527 1092 evangelizare
553 1049 671 1100 regnum
697 1037 764 1092 Dei:
791 1042 858 1109 quia
884 1043 950 1100 ideo
979 1054 1078 1106 missi.-

179 1105 312 1160 ntt⁴,2c.44
331 1121 401 1158 sum.
446 1107 482 1161 Et
508 1116 569 1165 erat
593 1115 763 1182 praedicans
788 1121 814 1174 io
842 1131 1005 1197 synagogis
1035 1139 1078 1186 (ἰυ-

330 1183 438 1241 lilaeae.

137 1338 263 1425 Μιᾎξζη
399 1347 518 1405 Factum
538 1359 584 1408 est
603 1363 712 1425 autem,
732 1378 795 1416 cum
815 1364 916 1421 turbae
936 1368 1075 1429 irruereu·

134 1426 264 1471 mus-20.
328 1424 355 1478 in
384 1443 464 1497 eum,
491 1437 524 1486 nt
553 1435 685 1493 audirent
713 1443 830 1497 verbum
858 1446 926 1514 Dei,
955 1457 989 1508 et
1022 1458 1072 1525 ips

291 1507 425 1562 2stabat
450 1527 533 1566 secus
559 1519 694 1584 stagnum
719 1521 905 1582 Genesareth.
943 1529 984 1586 Et
1009 1539 1073 1590 vidi:

326 1585 398 1642 duas
412 1607 503 1644 naves
517 1598 630 1650 stantes
645 1615 729 1655 secus
744 1608 894 1673 stagnum:
913 1610 1075 1678 piscatore-

289 1669 305 1717 3
326 1671 422 1721 autem
437 1669 653 1744 descenderant,
669 1685 697 1733 et
712 1682 848 1740 lavabant
862 1689 943 1744 retia.
968 1694 1075 1751 Ascen-

325 1745 395 1800 dens
422 1753 517 1804 autem
543 1754 572 1808 in
597 1773 683 1812 unam
709 1764 819 1830 navim,
846 1784 919 1836 quae
944 1781 1012 1830 erat
1039 1780 1074 1832 Si·

323 1827 424 1894 monis,
443 1834 556 1899 rogavit
575 1852 639 1890 eum
656 1856 672 1892 a
687 1844 765 1896 terra
779 1845 914 1902 reducere
928 1855 1073 1918 pusillum

185 1919 258 1964 rap.
286 1909 304 1958 4
323 1905 358 1959 Et
373 1907 476 1963 sedens
491 1911 613 1971 docebat
628 1917 663 1972 de
677 1923 809 1979 navicula
823 1927 931 1982 turbas.
946 1932 1001 1989 'Ut
1017 1955 1073 1990 res-

322 1987 398 2041 savit
417 1994 512 2046 autem
531 1994 616 2064 loqui,
637 1999 708 2054 dixit
728 2003 764 2058 ad
779 2004 939 2064 Simonem:
959 2012 1029 2070 Duc
1050 2021 1071 2070 iu

285 2069 301 2119 5
321 2067 418 2135 altum,
438 2075 468 2126 et
486 2073 581 2129 laxate
596 2079 669 2133 retia
683 2087 781 2138 vestra
797 2086 825 2140 in
842 2094 1004 2158 capturam.
1042 2099 1069 2150 Er

320 2150 495 2216 respondens
515 2154 628 2226 Simon,
648 2159 719 2217 dixit
738 2164 792 2220 illi:
812 2167 1003 2244 Praeceptor,
1024 2196 1071 2248 per

320 2230 410 2282 totam
418 2237 531 2288 noctem
539 2237 788 2310 laborantes,nihil
796 2249 1070 2317 cepimus:inverbo

283 2312 299 2360 6
320 2311 415 2363 autem
434 2316 483 2368 tuo
503 2316 606 2373 laxabo
621 2325 689 2376 rete.
722 2323 837 2381 Etcum
852 2329 906 2384 hoc
921 2332 1070 2393 fecissent.

318 2391 518 2450 concluserunt
541 2399 663 2466 piscium
681 2406 892 2464 multitudinem
912 2416 1068 2483 copiosam.

282 2473 297 2521 7
317 2472 503 2540 rumpebatur
522 2483 618 2532 autem
638 2486 698 2538 rete
715 2502 819 2543 eorum.
840 2491 890 2545 'Et
905 2508 1065 2554 annuerunt

317 2551 414 2620 sociis,
439 2556 487 2623 qui
508 2563 590 2612 erant
611 2559 639 2613 in
659 2564 714 2618 alia
733 2570 798 2622 navi
818 2575 850 2624 ut
868 2574 1014 2645 venirent,
1041 2587 1064 2633 et

367 2888 392 2924 41
407 2883 522 2930 exiebant

368 2953 408 3009 5,3
421 2965 507 3002 navem
537 2980 545 2984 ·
