2275 3434
241 176 428 246 tall-tao.
461 179 661 234 SECVNDVM
682 177 919 233 MATTHAEVM.

243 339 479 409 41relinquetur.
526 339 600 394 duae
631 339 771 393 molentes
803 338 833 392 in
865 339 955 393 mola:
988 356 1049 394 uno

163 421 278 480 ’111042
297 423 468 486 assumetur,
488 424 517 474 et
536 437 595 474 una
610 419 793 489 relinquetur.
828 417 951 488 Vigilate
969 435 1050 489 ergo,

297 499 364 568 quia
389 499 507 553 nescitis
533 516 591 568 qua
615 500 687 554 hora
704 499 844 554 Dominus
862 503 961 553 vester
979 516 1051 554 ven-

108 599 232 640 nram-o.
242 581 278 632 43
297 583 378 633 turus
407 579 453 634 sit.
490 579 560 633 Illud
589 583 685 634 autem
714 579 831 647 scitote,
859 579 996 649 quoniam
1024 578 1084 657 si'}

297 659 384 713 sciret
413 659 622 728 paterfamilias
650 676 709 729 qua
735 660 806 714 bora
833 660 882 714 fur
906 663 1051 714 venturus

297 742 383 806 esset,
403 739 536 808 vigilaret
553 741 662 809 utique,
684 743 714 795 et
731 757 788 794 non
808 740 915 794 sineret
933 741 1051 809 perfodi

132 836 163 882 ap
175 842 233 882 ran.
242 823 278 873 44
298 819 412 874 domum
444 836 534 874 suam.
578 820 645 875 Ideo
677 824 707 874 et
734 837 786 874 vos
814 823 908 875 estote
935 822 1051 890 parati:

1058 416 1083 441 33

1067 475 1075 494 a

295 899 364 968 quia
391 915 450 969 qua
476 902 596 956 nescitis
623 901 694 955 hora
718 901 807 955 Filius
832 900 955 956 hominis
979 918 1053 956 ven·
1106 944 1110 955 .

242 983 277 1033 45
296 984 379 1033 turus
398 983 450 1034 est.
488 981 566 1050 Quis,
593 985 689 1050 putas,
713 986 759 1035 est
776 980 869 1035 tidelis
887 997 999 1048 aeruna,
1019 980 1086 1056 elif·

297 1059 431 1128 prudens
451 1077 535 1130 quem
555 1061 705 1116 constituit
724 1060 856 1116 dominus
874 1077 945 1116 suus
959 1078 1053 1131 super

298 1139 435 1194 familiam
455 1157 536 1194 suam
556 1145 590 1196 ut
609 1141 657 1195 det
673 1140 729 1196 illis
744 1141 838 1196 cibum
853 1141 882 1195 in
898 1145 1051 1211 tempore?

243 1224 278 1274 46
298 1219 405 1274 Beatus
420 1221 466 1274 ille
481 1237 591 1288 servus,
610 1237 695 1290 quem
710 1238 775 1275 cum
788 1220 900 1276 venerit
914 1220 1052 1277 dominus
1062 1223 1084 1297 ’ζῇ

145 1323 233 1364 raam.
243 1305 277 1354 47
298 1300 368 1366 eiua,
382 1301 523 1355 invenerit
538 1301 580 1354 sic
594 1301 757 1357 facientem.
785 1318 868 1356 amen
881 1301 944 1356 dico
955 1301 1053 1370 vobis,

297 1381 431 1450 quoniam
447 1397 534 1449 super
548 1382 644 1436 omnia
654 1382 732 1436 bona
743 1399 796 1435 sua
806 1381 963 1437 constituet
973 1397 1051 1437 eum.
1106 1428 1110 1445 .

127 1465 278 1524 1111111118
298 1461 329 1516 Si
352 1465 449 1515 autem
473 1461 577 1516 dixerit
599 1464 692 1517 malus
716 1479 817 1517 servus
840 1463 887 1516 ille
909 1462 939 1516 in
961 1464 1051 1518 corde
1061 1462 1084 1487 *²

243 1547 278 1596 49
298 1559 364 1596 suo:
391 1541 498 1596 Moram
524 1541 594 1597 facit
614 1542 746 1598 dominus
764 1559 845 1597 meus
864 1542 976 1598 venire:
997 1544 1050 1598 let

298 1621 424 1691 coeperit
442 1625 591 1690 percutere
610 1639 764 1678 conservos
783 1639 867 1689 suos,
892 1621 1051 1678 manducet

245 1705 279 1756 50
298 1704 403 1769 autem,
419 1705 448 1756 et
461 1701 543 1756 bibat
558 1719 623 1756 cum
636 1703 770 1757 ebriosis:
802 1703 900 1757 veniet
913 1702 1050 1758 dominus

298 1781 373 1836 servi
397 1782 471 1836 illius
495 1783 524 1836 in
544 1783 603 1849 die,
629 1800 686 1852 qua
704 1799 761 1838 non
781 1787 892 1852 sperat,
918 1786 948 1837 et
966 1783 1049 1851 hora,

187 1886 233 1927 ars.
245 1867 277 1917 51
299 1879 356 1931 qua
374 1861 503 1931 ignorat:
541 1865 571 1916 et
585 1863 693 1918 dividet
707 1879 781 1930 eum,
799 1867 970 1932 partemque
984 1862 1050 1919 eius

297 1945 386 2012 ponet
415 1959 478 1996 cum
507 1943 672 2012 hypocritis,
719 1944 775 1997 illic
803 1943 857 1998 erit
884 1943 985 2010 fletus,
1019 1950 1051 2000 et

120 2049 234 2089 arroso.
244 2015 287 2087 25
298 2021 404 2076 stridor
431 2021 567 2076 dentium.
622 2023 703 2078 Tunc
730 2023 822 2078 simile
848 2024 902 2078 erit
926 2025 1088 2102 regnumssj

299 2104 441 2157 caelorum
460 2103 559 2158 decern
578 2104 751 2174 virginibus:
777 2121 851 2172 quae
870 2104 1051 2173 accipientes
1114 2128 1116 2153 1

144 2090 174 2134 Ap
188 2095 234 2134 tal.

298 2183 446 2253 lampades
474 2201 543 2238 suas
570 2185 701 2239 exierunt
726 2185 841 2239 obviam
867 2201 989 2254 sponso,
1019 2192 1052 2241 et

262 2271 279 2319 ἱ)
299 2281 430 2332 sponsae.
469 2264 600 2334 Quinque
620 2269 717 2319 autem
733 2281 768 2319 ex
784 2265 826 2320 eis
843 2269 925 2320 erant
939 2265 1051 2334 fatuae,
1114 2252 1116 2287 ³

263 2350 279 2399 3
299 2349 328 2398 et
353 2344 477 2414 quinque
502 2345 674 2415 prudentes:
712 2344 764 2400 sed
789 2347 914 2415 quinque
938 2346 1051 2414 fatuae,
1114 2342 1116 2411 J

300 2425 425 2494 acceptis
448 2425 644 2495 lampadibus,
670 2442 727 2479 non
750 2429 934 2496 sumpserunt
954 2427 1051 2482 oleum
1114 2452 1116 2501 5

262 2510 413 2560 laecum:
459 2505 617 2576 prudentes
649 2523 716 2560 vero
749 2510 922 2576 acceperunt
953 2507 1050 2562 oleum

263 2586 327 2640 5in
368 2587 446 2642 vasis
488 2587 548 2641 suis
591 2603 656 2640 cum
697 2588 885 2662 lampadibus
939 2587 1052 2643 Moram

299 2670 395 2721 autern
454 2667 580 2722 faciente
636 2685 760 2737 sponso,
821 2668 1051 2725 dormitaverunt

264 2753 397 2802 damnes
429 2751 458 2802 et
486 2746 670 2803 dormierunt.
716 2749 810 2805 Media
838 2752 935 2804 autern
963 2753 1050 2804 nocte

299 2829 405 2882 clamor
424 2827 519 2882 factus
539 2833 599 2884 cst:
636 2829 710 2883 Ecce
729 2847 853 2900 sponsus
871 2830 964 2897 venit,
989 2831 1049 2884 exi·

353 2988 479 3042 41311110
498 2989 522 3032 in
542 2989 620 3044 lecto,
640 3001 703 3032 unus
722 2994 868 3046 assumetur,
888 2993 1048 3035 0111111110-

300 3043 428 3094 linquetur.
457 3042 529 3096 vigil.

354 3100 380 3137 43
394 3098 464 3148 pater
477 3095 534 3140 lam.
561 3097 564 3147 l
590 3096 706 3149 perfodiri

354 3153 381 3190 45
395 3159 469 3202 supra
553 3156 579 3191 49
594 3148 668 3192 ebriis

653 3226 680 3271 68
