2275 3434
247 176 372 243 clo-13.
485 173 683 230 snuvrvovu
711 171 841 229 ovum.

265 341 281 389 3
301 338 396 393 dicare
422 355 540 406 reguum
563 337 632 402 Dei,
659 341 688 391 et
713 353 815 392 sanare
840 337 983 392 infirmos.
1029 340 1076 392 El*

302 420 342 474 ait
374 418 411 473 ad
439 418 516 473 illos:
549 418 624 473 Nihil
652 417 775 473 tule1itis
803 418 831 472 iu
860 417 923 482 via,
959 435 1062 489 neque

300 500 425 569 virgam,
451 515 543 568 neque
562 515 676 568 peram,
701 514 793 567 neque
812 514 934 566 panem,
960 515 1062 570 nequo

162 599 237 639 top-v.
264 580 467 649 4pecuninrn,
490 596 584 649 neque
610 579 682 634 duas
701 578 814 634 tunicas
833 577 983 634 habeatis.
1030 583 1061 634 El

301 662 329 716 in
352 676 561 731 quamcumque
581 661 695 716 domum
713 658 904 726 intraveritis,
932 659 976 714 ibi
1002 679 1063 715 ma-

178 761 236 801 10,11.
264 744 380 809 fincte,
401 746 430 796 et
448 740 515 796 inde
533 757 569 796 ne
589 740 708 798 exeatis.
745 739 781 794 Et
800 739 979 809 quicumque
1003 741 1082 812 nonf

300 820 459 892 receperint
472 839 537 875 vos:
555 825 693 876 exeuntes
707 820 743 876 de
757 819 874 875 civitate
888 819 949 887 illa,
966 823 1062 878 etiam

299 904 443 973 pulverem
466 903 572 973 pedum
596 907 756 956 vestrorum
775 900 901 956 excutite
919 901 952 956 in
973 906 1063 959 testi-

264 984 425 1039 omonimo
452 1000 539 1054 supra
567 982 639 1037 illos.
681 981 795 1051 Egressi
824 985 921 1038 autem
952 980 1079 1054 circui-1

299 1065 371 1119 bant
388 1081 440 1132 per
458 1064 576 1128 castella
595 1062 840 1132 evangelizantes,
864 1066 893 1118 et
912 1071 1060 1120 curantes¹

130 1124 236 1212 KQ„
264 1145 413 1213 tabique.
486 1143 604 1198 Audiuit
629 1147 725 1198 autern
748 1142 877 1198 Herodes
901 1143 1076 1216 tetrarcha{

106 1216 235 1257 “⁰⁶‘¹⁴'¹⁰·
300 1225 410 1292 omnia,
434 1241 508 1295 quae
525 1225 635 1280 fiebant
654 1223 689 1278 ab
710 1239 756 1290 eo,
780 1227 810 1278 et
828 1223 1002 1280 haesitabat
1026 1244 1059 1281 eo

300 1305 377 1375 quod
401 1306 543 1361 diceretur
571 1322 588 1358 a
616 1303 802 1373 quibusdam:
829 1303 903 1374 Quia
925 1304 1058 1361 loannes

263 1389 280 1437 8
299 1387 422 1442 surrexit
441 1404 458 1442 a
476 1386 611 1441 mortuis:
627 1386 662 1439 ¹a
681 1384 853 1454 quibusdam
871 1400 955 1439 vero:
978 1386 1057 1456 Quia

299 1467 376 1522 Elias
391 1467 536 1537 appaurit:
557 1465 593 1520 ab
609 1465 672 1519 aliis
688 1468 798 1519 autem:
819 1463 892 1534 Quia
905 1466 1056 1536 propheta

188 1556 235 1596 raa
263 1551 372 1603 liunus
398 1548 433 1602 de
459 1545 586 1615 antiquis
611 1545 743 1600 surrexit.
780 1545 817 1600 Et
843 1545 884 1599 ait
902 1545 1056 1602 Herodes:

298 1630 432 1684 Ioannem
457 1643 509 1696 ego
533 1626 685 1682 decollavi:
713 1625 783 1695 Quis
802 1630 848 1680 est
867 1630 965 1681 autem
987 1628 1056 1686 iste,

299 1710 334 1764 de
353 1726 410 1778 quo
430 1724 482 1776 ego
500 1707 572 1762 talia
591 1706 695 1761 audio?
728 1706 764 1761 Et
778 1705 937 1776 quaerebat
950 1707 1056 1764 videre

97 1760 234 1848 redd-²21.
247 1792 281 1843 10
299 1807 373 1844 eum.
445 1786 482 1841 Et
505 1787 611 1842 reversi
631 1787 775 1856 Apostoli,
800 1792 994 1843 narraverunt
1013 1789 1072 1844 1111

106 1851 235 1938 Ὓὸῗῗῖῗῖἶ
299 1884 496 1939 quaecumque
516 1868 659 1922 iecerunt:
680 1867 733 1922 *et
752 1866 909 1936 assumptis
928 1867 987 1922 illis
1008 1864 1075 1940 εε-Ῐῗ

300 1949 388 2004 cessit
413 1965 542 2003 seorsum
567 1949 597 2002 in
622 1949 715 2002 locum
741 1947 901 2014 desertum,
927 1947 978 2016 qui
1007 1957 1052 2004 est

247 2033 278 2082 11
299 2029 480 2085 Bethsaidse.
519 2029 601 2100 Quod
625 2045 689 2083 cuin
713 2028 917 2096 cognovissent
935 2030 1053 2096 turbae,

300 2114 416 2165 secutae
435 2115 502 2165 sunt
521 2110 613 2164 illum:
639 2113 668 2163 et
687 2109 800 2178 excepit
819 2125 883 2176 coS‚
902 2111 933 2164 ct
951 2109 1052 2180 loque-

298 2192 385 2245 batur
402 2191 457 2244 illis
476 2190 511 2245 de
530 2207 618 2260 regno
638 2189 700 2257 Dei,
725 2195 754 2244 et
773 2205 831 2256 eos,
850 2188 899 2258 qui
918 2205 989 2244 cura
1009 2192 1052 2246 in·

246 2273 280 2322 12
299 2271 443 2339 digebant,
457 2273 589 2326 sanabat.
626 2269 694 2325 Dies
708 2274 804 2324 autern
816 2272 950 2338 coeperat
963 2268 1050 2325 decli·
1059 2257 1074 2334 Ὗ

298 2367 376 2405 nare.
412 2352 449 2406 Et
473 2352 643 2407 accedentes
667 2350 816 2406 duodecim
840 2349 973 2404 dixerunt
992 2351 1049 2406 ilii:

298 2431 417 2487 Dimitte
431 2433 540 2499 turbas,
560 2435 593 2486 ut
607 2434 708 2486 euntes
722 2431 751 2485 in
765 2431 892 2497 castella,
906 2429 1049 2500 villasque

298 2529 372 2581 quae
387 2513 463 2568 circa
477 2516 553 2578 sunt,
573 2511 725 2577 divertant,
743 2515 772 2565 et
786 2509 934 2565 inveniant
947 2525 1047 2566 escas:

246 2596 279 2645 13
298 2593 365 2662 quia
390 2594 436 2647 hic
461 2593 489 2647 in
515 2593 578 2647 loco
604 2590 717 2646 deserto
738 2607 845 2645 sumus.
881 2589 929 2644 Ait
948 2593 1046 2647 autern

298 2673 335 2728 ad
357 2674 435 2728 illos:
464 2673 522 2726 Vos
550 2671 617 2726 date
645 2670 700 2726 illis
725 2669 906 2727 manducare.
943 2669 981 2724 At
1006 2672 1045 2726 illi

298 2754 447 2809 dixerunt:
465 2752 528 2806 Non
548 2755 617 2806 sunt
635 2751 717 2807 nobis
736 2752 801 2820 plus
817 2751 903 2820 quiam
919 2750 1045 2820 quinque

296 2850 395 2904 panes,
415 2836 445 2887 et
462 2832 517 2886 duo
534 2831 642 2900 pisces:
662 2830 717 2886 nisi
732 2833 806 2887 forte
821 2848 874 2886 nos
889 2845 994 2898 eamus,
1015 2839 1045 2887 et

350 3001 362 3036 7
377 2992 411 3041 (tl
424 2999 465 3037 tra.
479 3002 520 3038 ae
533 3004 548 3035 a
563 2992 723 3044 quibasdam:
739 2991 807 3044 Quia)

349 3053 400 3098 a>
417 3049 467 3091 aut.
483 3051 522 3092 est
546 3048 550 3098 Ι
578 3051 600 3095 >
618 3045 716 3090 audica
735 3045 825 3090 otalia

350 3108 377 3143 10
391 3101 523 3146 bethsaida
609 3107 633 3143 11
649 3109 700 3142 exc.
716 3058 771 3143 filos

351 3162 375 3197 ra
389 3155 519 3199 decertant

643 3233 683 3276 172
