2275 3434
292 160 491 216 SECVNDVM
512 161 673 216 MARCVM.
751 162 902 230 (Laid-Ul.

89 322 133 376 tis
161 337 225 390 ece,
251 324 299 392 qui
323 340 354 377 se
378 324 452 378 male
471 323 631 391 habebant,
657 323 848 390 circumferre,

89 402 146 456 ubi
175 402 330 458 audiebant
356 421 420 458 eum
445 420 517 458 esse.
554 404 591 458 Et
610 419 790 473 quocumque
807 405 849 458 in-
868 406 902 457 56
912 423 989 464 aum.

90 483 220 551 troibat,
243 483 383 551 invisae,
406 485 451 538 vel
470 485 499 538 in
518 483 615 562 villas,
637 488 688 538 aut
706 484 848 551 civitates
911 466 1013 555 *iifl'iif

91 563 123 616 in
139 563 246 631 plateis
260 564 408 633 ponebant
422 565 557 632 intirmoS,
576 568 606 619 et
620 564 850 634 deprecabantur

92 659 180 712 eum,
208 647 241 698 ut
268 645 313 698 vel
340 645 482 698 fimbriam
507 645 674 703 vestimenti
699 645 761 699 eius
786 649 848 699 tan-

91 727 215 792 gerent,
248 727 277 778 et
306 729 447 794 quotquot
474 725 635 794 tangebant
663 735 743 792 eum,'
776 727 849 779 salvi
890 804 893 811 Ι

91 805 214 858 fiebant.

62 877 83 956 {3
170 883 208 937 Et
218 886 392 939 conveniunt
402 884 439 938 ad
449 901 513 938 eum
523 885 681 952 Pharisaei,
693 889 723 940 et
732 886 849 954 quidam
868 865 888 940 7
912 862 1039 950 adigi-²20.

95 964 133 1016 de
150 963 270 1030 Scribis,
289 965 437 1018 venientes
457 965 492 1018 ab
508 964 696 1034 lerosolymis.
733 966 848 1021 Etcum
867 969 884 1019 2
912 988 928 1021 r
939 989 997 1030 upa.

95 1042 243 1097 vidissent
276 1044 415 1112 quosdam
445 1061 481 1099 ex
509 1044 656 1114 discipulis
684 1047 746 1100 eius
774 1064 848 1101 com-

96 1122 235 1176 munibus
254 1123 395 1192 manibus,
414 1123 489 1179 idest
508 1142 565 1179 non
581 1127 656 1194 lotia,
675 1126 848 1181 manducare

95 1219 206 1271 panea,
235 1204 479 1274 vituperaverunt.
523 1207 672 1261 Pharisaei
701 1208 791 1275 enirn,
820 1213 884 1263 et3

96 1301 199 1338 omnes
215 1283 322 1353 ludaei,
341 1285 396 1340 nisi
411 1286 510 1342 crebro
525 1288 647 1342 laverint
661 1305 772 1356 manus
791 1306 849 1343 non

95 1364 290 1432 manducant,
317 1370 449 1422 tenentes
477 1367 663 1423 traditionem
688 1369 847 1423 seniorum:

99 1446 149 1498 ¹et
169 1444 249 1500 asoro
268 1447 324 1500 nisi
343 1447 536 1516 baptizentur,
555 1465 613 1502 non
632 1447 799 1503 comedunt:
819 1455 848 1503 et
867 1453 885 1502 4

99 1525 156 1578 alia
170 1527 259 1580 multa
273 1530 349 1587 sunt,
365 1545 439 1596 quae
453 1528 561 1583 tradita
576 1532 644 1582 sunt
658 1529 712 1582 illis
724 1545 848 1596 servare,

97 1605 274 1674 baptismata
289 1608 418 1675 calicum,
438 1611 467 1662 et
481 1625 639 1675 urceorum,
659 1612 688 1664 et
702 1625 848 1664 aeramen-

69 1677 207 1758 {torum
237 1691 265 1741 et
292 1689 459 1744 lectorumz'
483 1693 513 1743 et
540 1689 757 1759 interrogabant
783 1693 883 1744 eum-5

97 1766 255 1843 Pharisaei,
275 1770 304 1822 et
319 1767 451 1823 Scribae:
472 1769 567 1838 Quare
587 1769 720 1840 discipuli
733 1769 776 1824 tui
790 1787 847 1824 non

98 1847 246 1901 ambulant
279 1848 360 1902 iuxta
391 1849 576 1904 traditionem
604 1849 763 1917 seniorum,
796 1850 847 1904 sed

98 1927 295 1982 communibus
312 1929 445 1983 manibus
462 1929 639 1984 manducant
652 1932 777 1999 panem?
809 1931 882 1984 At6
909 1951 1055 1994 nmium.

100 2007 144 2060 ille
168 2007 361 2076 respondens,
387 2009 459 2063 dixit
483 2009 539 2064 eis:
566 2011 645 2064 Bene
662 2011 847 2078 prophetavit

100 2086 187 2142 isaias
207 2088 241 2141 de
261 2088 343 2141 vobis
357 2088 523 2157 hypocritis
543 2090 618 2144 sicut
633 2090 771 2158 scriptum
786 2093 845 2144 est:

134 2167 258 2238 Populus
278 2167 324 2221 hic
343 2168 427 2222 labiis
445 2185 491 2222 me
510 2169 642 2236 honorat,

168 2265 217 2302 cor
236 2251 332 2303 autem
352 2264 448 2303 eorum
468 2250 551 2318 longe
572 2254 616 2304 est
635 2268 653 2303 a
671 2267 724 2304 me.

134 2329 162 2382 in
180 2345 286 2382 vanum
306 2332 401 2382 autem
420 2346 466 2384 me
486 2331 591 2397 colunt,
865 2338 880 2386 7

169 2408 305 2464 docentes
318 2409 472 2478 doctrinas,
485 2414 514 2466 et
525 2416 681 2480 praecepta
690 2411 843 2466 hominum.

101 2489 299 2557 Relinquentes
339 2490 413 2544 enirn
450 2492 619 2546 mandatum
656 2492 725 2560 Dei,
766 2497 880 2548 tene-8
909 2535 915 2542 .

101 2570 137 2622 tis
171 2569 354 2624 traditionem
391 2571 552 2640 hominum,
589 2573 768 2642 baptismata
799 2591 844 2627 ur-

102 2665 225 2716 ceorum,
263 2653 291 2704 et
329 2651 463 2706 calicum:
502 2656 532 2708 et
568 2653 625 2706 alia
662 2654 767 2707 similia
798 2655 844 2707 his

103 2729 193 2784 facitis
239 2732 336 2786 multa.
401 2733 437 2786 Et
484 2733 599 2787 dicebat
644 2734 715 2788 illis:
766 2734 879 2788 Benetl

153 2944 306 2989 amma

153 3007 189 3062 7,3
202 3006 287 3051 lavent

152 3069 234 3124 rw
249 3081 263 3112 a
276 3069 329 3114 foro
344 3071 402 3126 {14-
416 3070 543 3114 venientes
610 3077 623 3113 5
636 3072 791 3126 interrogant

152 3139 200 3173 7-
216 3133 240 3175 et
320 3139 334 3174 a
347 3133 369 3188 9
383 3132 528 3176 traditiones

458 3211 497 3257 103
