2275 3434
275 157 529 224 APOCALYPSIS
549 158 707 214 IOANNiS.
774 160 915 226 lui-16.

115 318 151 373 de
170 318 309 388 sanguine
322 321 480 388 martyrum
494 319 566 374 Iesu.
612 319 649 374 Et
663 320 783 374 miratus
798 336 861 374 sum

115 416 180 458 aum
199 399 335 456 vidissem
360 400 438 455 illam
462 399 650 457 admiratione
675 417 788 470 magna.
824 401 896 465 Etr

114 480 187 542 dixit
201 480 270 538 mihi
279 481 419 550 Angelus:
432 479 526 550 Quare
540 481 673 536 miraris?
692 481 753 550 Ego
768 480 862 535 dicam

113 561 168 616 tihi
186 565 398 616 sacramentum
421 561 561 628 mulieris,
586 565 617 617 et
634 562 761 630 bestiae,
788 578 862 631 quae

114 645 213 710 portat
226 657 298 709 eam,
318 657 392 711 quae
406 641 496 696 habet
508 643 607 710 capita
619 644 739 710 septem,
758 645 788 697 et
802 659 862 697 aar·

113 738 172 777 nua
191 721 297 786 decem.
325 721 432 789 Bestia,
452 739 538 791 quam
552 721 659 789 vidisti,
678 722 742 789 fuit,
762 726 791 778 et
805 740 862 779 non
880 723 898 774 8
925 739 957 774 nn
968 742 1008 782 aa
1022 744 1068 784 rm.

114 806 168 870 est,
183 807 213 858 et
223 819 379 858 ascensura
393 805 438 857 est
452 801 487 856 de
502 801 616 871 abysso,
633 803 705 858 etin
715 803 862 858 interitum
924 786 1043 874 i’3‚1⁰A'.²1⁹a'‚a
1049 833 1085 874 as.

113 883 181 938 ibit:
202 887 231 938 et
249 883 428 938 mirabuntur
446 883 641 940 inhabitantes
659 886 766 938 terram
782 887 862 953 (qun
1131 886 1133 891 '

113 981 176 1020 rum
195 981 252 1018 non
271 967 340 1020 sunt
357 963 466 1032 scripta
492 963 608 1018 nomina
633 963 662 1018 in
680 963 767 1018 Libro
785 964 862 1019 vitae

114 1061 132 1099 a
147 1044 352 1100 constitu-tione
366 1042 475 1110 mundi)
491 1042 626 1098 videntes.
636 1043 769 1112 bestiam,
787 1060 862 1114 quae
1131 1092 1133 1113 ἔ

114 1127 191 1192 erat,
220 1127 249 1179 et
276 1141 333 1180 non
357 1127 410 1178 est.
472 1123 509 1178 Et
533 1123 580 1178 hic
598 1127 643 1178 est
668 1141 787 1191 senem,
813 1124 897 1194 qui9
926 1143 1042 1185 uranu.
1131 1124 1133 1207 t

114 1205 203 1268 habet
229 1204 410 1274 sapientiam.
457 1203 576 1273 Septem
604 1204 717 1274 capita:
750 1208 861 1274 septem

113 1289 226 1349 montes
240 1288 316 1353 sunt,
331 1300 418 1354 super
431 1301 505 1354 quos
519 1285 620 1338 mulier
634 1283 725 1352 sedet,
736 1289 765 1340 et
778 1301 862 1354 reges

114 1369 226 1435 septem
245 1368 321 1421 sunt.
359 1365 492 1435 Quinque
509 1365 688 1432 ceciderunt,
714 1382 789 1420 unus
808 1369 861 1433 eat,
882 1366 916 1417 10

114 1451 143 1502 et
162 1447 235 1502 alius
253 1446 379 1504 nondum
398 1447 490 1502 venit:
511 1448 540 1500 et
559 1462 623 1500 cum
642 1446 761 1514 venerit,
780 1463 862 1516 opor·

113 1531 157 1582 tet
182 1527 260 1582 iilum
284 1527 371 1581 breve
397 1529 511 1596 tempus
535 1543 660 1582 manere.
697 1526 734 1580 nt
757 1526 861 1593 bestia,
882 1527 942 1579 lla.
955 1545 1012 1584 nno.

114 1621 189 1677 quae
208 1611 278 1675 erat,
297 1611 326 1662 et
344 1624 401 1664 non
420 1611 479 1662 est:
500 1610 529 1662 et
547 1606 612 1676 ipsa
631 1610 735 1661 octava
753 1611 812 1661 est:
832 1610 862 1663 et

114 1687 149 1742 de
160 1691 270 1757 septem
281 1690 338 1754 est,
349 1689 379 1742 et
392 1687 421 1741 in
436 1687 584 1750 interitum
594 1686 682 1742 vadit.
711 1686 748 1741 Et
763 1686 861 1741 decem
882 1688 915 1739 12
926 1705 972 1745 rar.

114 1785 236 1834 cornua,
255 1784 329 1837 quae
348 1767 461 1834 vidisti,
481 1768 580 1825 decem
598 1784 681 1837 reges
707 1771 789 1823 sunt:
813 1767 862 1836 qui
925 1747 957 1782 ⁰¹¹
969 1750 1046 1790 ⁷’²⁰'²¹‘

114 1863 233 1918 regnum
252 1846 377 1906 nondum
397 1851 585 1916 acceperunt,
610 1847 662 1906 sed
687 1849 861 1917 potestatem

115 1933 263 1998 tamquam
273 1943 355 1996 reges
364 1943 421 1980 una
429 1927 500 1981 hora
508 1927 861 1998 accipientpostbestiam.
1131 1952 1133 2007 Ι

114 2009 152 2066 Hi
165 2025 254 2065 unum
268 2006 417 2062 consilium
432 2006 548 2074 habent,
564 2011 594 2063 et
608 2009 752 2075 virtutem,
769 2011 800 2062 et
813 2024 862 2076 po·
882 2009 915 2060 13
1131 2032 1133 2065 ι

115 2092 252 2146 testatem
269 2105 353 2142 suam
372 2087 484 2142 bestiae
498 2087 621 2142 tradent.
650 2088 687 2141 Hi
702 2106 766 2143 curn
780 2089 861 2157 Agna
883 2089 916 2141 14
924 2104 952 2139 nr
964 2107 1021 2148 ran.
1131 2080 1133 2151 Ε

114 2169 299 2239 pugnabunt,
326 2172 356 2222 et
373 2167 472 2237 Agnus
498 2167 594 2221 vincet
621 2167 698 2221 illos:
726 2168 862 2238 quoniam
925 2150 1054 2237 ssffAlA'im.
1131 2162 1133 2225 ἶ

115 2251 255 2304 Dominus
270 2248 447 2305 dominorum
462 2250 517 2314 est,
530 2250 559 2302 et
574 2246 635 2300 Rex
649 2263 756 2316 regum,
767 2253 800 2304 et
813 2249 862 2318 qui

115 2347 179 2386 eum
190 2330 240 2385 illo·
251 2334 326 2398 sunt,
340 2329 444 2396 vocati,
457 2327 548 2395 electi,
561 2330 591 2381 et
600 2325 708 2381 fideles.
744 2328 781 2384 Et
791 2328 863 2383 dixit
883 2329 943 2382 151.
957 2349 978 2381 n
989 2350 1026 2390 aa
1131 2338 1133 2343 ·

115 2411 199 2466 mihi:
218 2411 326 2480 Aquae,
345 2425 418 2480 quas
436 2407 535 2474 vidisti
553 2407 603 2464 ubi
619 2409 754 2464 meretrix
772 2409 863 2475 sedet,
925 2393 950 2427 ³¹
961 2395 1012 2434 *⁷¹2³
1027 2394 1086 2434 ⁶¹³³·

115 2490 213 2561 populi
232 2494 308 2558 sunt,
328 2495 356 2545 et
372 2489 488 2557 Gentes
507 2492 536 2544 et
554 2488 677 2558 linguae.
709 2487 746 2541 Et
765 2486 862 2542 decem
884 2491 916 2542 16
927 2509 984 2550 nna.
996 2510 1043 2551 rm.

117 2587 231 2639 cornua,
250 2587 323 2640 quae
343 2570 441 2625 vidisti
460 2571 488 2624 in
507 2569 616 2624 bestia:
642 2569 672 2622 hi
691 2567 789 2644 odient
807 2568 864 2622 for-

169 2758 421 2812 ammirationem
455 2764 468 2800 7
483 2761 505 2808 >
521 2757 568 2802 tibi
582 2757 661 2802 dicam
681 2758 685 2810 Ι
707 2756 829 2810 (beatium)
848 2756 852 2810 1

117 2815 229 2876 (θυιῃῌ
262 2823 324 2866 quae
344 2811 400 2876 2⁰]
425 2811 465 2910 (Bri
487 2811 551 2852 21¹1?
582 2813 586 2864 Ι
627 2815 650 2862 >
673 2811 725 2857 dea.
750 2821 815 2875 eom.
841 2811 866 2850 F

116 2873 130 2910 8
144 2867 249 2910 bestiam
264 2867 318 2920 (ΕΙ)
341 2867 345 2920 t
365 2877 427 2910 mira
446 2866 518 2909 antur
532 2867 583 2907 AF
604 2866 607 2914 Ι
631 2876 693 2919 quae
704 2869 713 2914 ]
726 2875 782 2918 qum
795 2862 863 2918 &CA

117 2916 865 3026 atera-nutrumnamimm

117 3038 168 3072 non
181 3027 388 3080 Finaecipiunt
401 3027 499 3080 (ΗΘΜ)
527 3032 553 3068 13
566 3026 667 3070 tradunt
680 3025 746 3078 aa
773 3033 800 3069 14
810 3035 863 3068 voe.

118 3083 143 3178 ἐξ
157 3079 262 3177 glesffl
276 3136 311 3189 (·a
313 3086 343 3186 >15
356 3081 437 3134 Aquas
453 3091 475 3132 q.
491 3081 593 3132 (Aquam
606 3081 687 3132 quam)
736 3087 762 3122 16
776 3079 801 3122 in
815 3079 838 3123 b.
854 3082 864 3128 ]

479 3211 521 3257 645
