2275 3434
265 159 406 223 tlt-26.
503 151 701 208 SECVNDVM
728 149 861 204 Lvdstr.

133 343 185 382 stu
196 341 254 382 repr.
267 322 300 373 ltt
319 319 438 387 Accepit
457 321 553 371 auteur
569 331 668 370 omnes
683 313 780 367 timor:
801 315 829 365 et
844 312 1078 380 magnificabat<

320 399 426 464 Deum,
447 396 587 451 dicentes:
616 394 689 464 Quis
708 392 849 463 propheta
867 407 1007 460 magnus
1029 410 1080 444 sur-

320 479 394 533 rexit
412 479 440 532 iu
459 477 556 532 nobis:
578 480 606 530 et
626 473 692 544 quis
711 471 789 527 Deus
809 471 943 527 visitavit
964 473 1072 542 plebei

268 565 299 615 17
320 575 410 613 susm.
447 557 484 611 Et
510 557 579 611 exiit
604 555 651 610 hic
676 570 769 608 serruo
795 553 823 607 in
842 551 1026 607 universam
1048 554 1080 606 lu-

321 639 421 693 dacum
441 636 476 691 de
496 652 537 702 eo,
558 637 634 690 etin
654 650 765 690 omnem
786 633 861 688 circs
879 633 1052 702 regionem.

130 705 256 792 siffis,
268 724 301 774 18
392 718 428 772 Et
451 717 660 772 nunciaverunt
679 714 775 769 loanni
801 711 936 782 discipuli
958 715 1033 769 eius
1053 715 1078 766 de

321 798 452 855 omnibus
477 797 531 852 his.
568 797 605 851 Et
631 794 799 850 convocavit
825 791 898 847 duos
925 793 965 848 de
999 795 1079 848 disci-

97 902 179 945 mus
188 903 256 945 nepe.
268 885 301 936 19
320 879 395 950 pulis
414 879 474 933 suis
488 878 618 943 loannes
631 877 636 915 ¹
647 879 676 930 et
691 875 769 929 misit
784 873 820 928 sd
834 873 940 940 lesum,
962 874 1078 930 diceus*

164 948 256 1035 „2⁰02ss
320 960 363 1014 Tu
383 975 414 1014 es
434 959 482 1029 qui
496 961 635 1012 venturus
649 971 689 1022 es,
709 971 745 1009 an
762 955 847 1009 elium
862 958 1076 1022 expectamus?

266 1046 302 1096 20
321 1039 393 1094 Cum
412 1042 509 1094 auteur
528 1037 676 1092 venisseut
695 1034 731 1090 ad
750 1051 814 1089 eum
833 1033 902 1100 viri,
921 1033 1076 1091 dixemru'

321 1120 440 1175 loannes
459 1119 594 1188 Baptista
613 1117 692 1171 misit
710 1131 763 1171 nos
782 1113 819 1169 ad
838 1117 867 1168 te
886 1112 1012 1170 dicens:
1042 1118 1074 1171 Tr

322 1217 367 1267 eS,
394 1201 442 1269 qui
468 1201 606 1253 venturus
626 1213 673 1264 es,
700 1213 736 1250 sn
756 1195 842 1249 alium
861 1197 1075 1262 expectamus?

267 1286 299 1336 21
321 1281 361 1347 (in
380 1281 444 1350 ipsa
463 1283 560 1333 sutem
579 1277 649 1332 hora
668 1276 773 1330 multos
792 1274 902 1329 curavit
920 1290 937 1327 s
956 1275 1074 1346 languo-

320 1361 407 1428 ribus,
431 1363 459 1415 et
478 1358 580 1428 plagis,
601 1362 630 1412 et
649 1356 796 1426 spiritibus
815 1354 907 1420 malis,
928 1359 959 1409 et
982 1360 1073 1411 caeti

114 1466 196 1508 nasu
208 1449 301 1507 emm
320 1441 417 1496 multis
437 1438 554 1494 donavit
573 1439 686 1504 visum.)
724 1435 760 1490 Et
780 1433 976 1505 respondeuS,
1001 1438 1070 1493 dixit

321 1522 389 1576 illis:
414 1521 523 1574 Euntes
542 1517 707 1572 renunciate
727 1516 824 1571 loanni
844 1531 918 1584 quse
938 1517 1071 1573 audistis,

321 1606 350 1656 et
374 1599 502 1655 vidistis:
529 1598 603 1668 Quis
622 1597 699 1653 caeci
718 1596 831 1662 vident,
859 1594 951 1649 claudi
975 1600 1072 1653 ambu-

320 1683 388 1749 lant,
408 1680 512 1749 leprosi
527 1678 709 1744 mundantur,
727 1676 805 1732 surdi
821 1675 949 1742 audiunt,
968 1682 1070 1734 mortui

266 1770 300 1819 23
320 1763 483 1830 resurgunt,
497 1776 640 1829 pauperes
655 1757 899 1826 evangelizantur:
922 1759 952 1812 et
967 1759 1071 1814 heatu-

320 1844 366 1896 est
398 1841 568 1910 quicumque
600 1856 656 1895 uon
684 1837 772 1893 fuerit
800 1835 1018 1894 scandalizatus
1051 1843 1070 1893 iu

172 1929 301 1991 perede
320 1938 373 1976 me.
446 1921 483 1976 Et
509 1939 574 1975 cum
600 1920 802 1975 discessissent
827 1916 922 1972 nuncii
947 1918 1071 1976 Ioanuis.

321 2001 415 2072 coepit
449 2001 483 2057 de
515 2003 620 2057 loanne
654 1999 747 2055 dicere
778 1998 814 2054 ad
847 1998 962 2054 turbas:
1001 2002 1072 2072 Quid

321 2083 422 2137 existis
441 2083 469 2136 in
489 2083 635 2138 desertum
654 2081 771 2136 videre?
798 2077 965 2133 arundiuem
986 2089 1072 2137 ventu

182 2169 301 2230 sceptri
322 2163 481 2233 agitatam?
533 2163 591 2218 Sed
628 2161 697 2232 quid
734 2161 834 2215 existis
868 2158 987 2214 videre?
1028 2164 1073 2217 irs-

321 2244 426 2299 minem
450 2244 583 2299 mollibus
608 2241 788 2296 vestimentis
807 2239 960 2295 indutum?
1001 2244 1073 2298 Eud¹

322 2324 370 2394 qui
396 2325 424 2380 in
443 2328 525 2380 veste
543 2323 671 2394 pretiosa
690 2325 757 2377 sunt
776 2324 805 2375 et
825 2319 948 2387 deliciis,
974 2321 1005 2376 iu
1028 2325 1073 2379 dd-

210 2410 301 2470 „2026
321 2405 415 2460 mibus
448 2423 546 2475 regum
580 2406 655 2458 sunt.
708 2401 764 2457 Sed
798 2401 866 2470 quid
898 2401 1001 2456 existis
1037 2407 1073 2458 vi-

322 2485 409 2541 dere?
441 2485 632 2556 prophetam?
680 2483 784 2552 Utique
818 2481 880 2535 dico
912 2481 1012 2550 vobis,
1047 2493 1072 2539 et

376 2771 522 2815 n-mw

376 2850 411 2893 (ιε
424 2842 449 2890 Θ
462 2848 503 2886 inc.
517 2859 536 2885 v.
546 2848 571 2886 19
584 2843 616 2886 Et
631 2839 785 2888 convocavit)

376 2923 401 2957 19
414 2915 480 2966 les]
495 2913 618 2959 dominum

376 2993 401 3030 21
417 2989 440 3038 >
456 2997 505 3031 eur.
520 2986 610 3030 multos

376 3064 402 3101 22
415 3058 528 3102 nuntiate
553 3058 558 3110 t
586 3055 675 3106 >vid
690 3056 715 3099 et
729 3054 784 3097 aud.

373 3135 399 3177 24
414 3134 436 3179 >
453 3129 500 3172 die.
515 3128 545 3171 de
558 3127 607 3171 ioh.
633 3128 636 3180 Ι
660 3125 743 3170 videre
756 3123 858 3168 harund.
873 3124 946 3167 vento
962 3130 1065 3172 moverit

672 3203 712 3250 164
