2275 3434
257 155 381 223 {bl—ll.
499 155 696 211 socruali!
724 155 856 210 ntulit.

273 318 294 389 3
384 319 466 373 Anno
486 321 581 372 antem
599 317 810 387 quintodecimo
832 317 946 386 imperii
965 319 1069 374 Tiberii

314 398 460 464 (laeseris,
487 403 658 467 procurante
684 399 786 452 Pontio
806 397 898 451 Pilato
918 399 1062 454 ludaemn

314 479 459 533 tetrarcha
485 482 580 532 autern
608 479 753 532 Galilaeae
778 477 904 537 Herode,
935 479 1062 550 Philipp.

314 565 410 613 antem
448 560 536 613 tiatre
574 559 635 612 eius
673 559 816 613 tetrarcha
849 558 1008 620 Ituraeae,
1048 576 1067 613 er

314 638 523 694 Trachonitidis
551 639 690 709 regionis.
724 643 753 692 et
782 639 908 707 Lysania
934 641 1069 695 Abitinae

279 723 295 772 2
315 721 468 785 tetrarcha,
502 720 555 773 snb
575 720 750 789 principibus
770 719 955 773 sacerdotum
978 723 1070 776 Anna.

315 805 344 854 et
363 800 487 869 Caiplra:
513 801 622 855 l'actum
642 805 687 853 est
706 801 823 854 rerlnnn
843 800 962 855 Domini
983 819 1066 872 super

135 881 250 961 1153511ξῆ
279 881 462 945 illoannem,
491 881 648 935 Zachariae
677 881 779 941 lilium,
807 881 836 934 in
862 880 992 936 deserto.
1042 885 1068 936 Et

144 973 173 1004 Me
186 950 250 1013 ’¹.²-⁸·
315 961 393 1015 venit
408 962 436 1015 in
451 978 563 1017 omnem
578 962 721 1030 regionem
736 960 873 1026 Iordanis
892 963 1070 1029 praedican-

314 1041 489 1109 baptismum
514 1041 709 1110 poenitentiae
735 1041 763 1095 in
783 1040 984 1096 remissionem
1006 1062 1072 1112 per-

143 1133 162 1164 1·
173 1133 251 1174 rar-⁵·
279 1124 454 1186 lcatorum,
489 1122 564 1175 sicut
583 1122 721 1190 scriptum
741 1125 784 1175 est
805 1122 833 1175 in
853 1120 938 1174 Libro
961 1140 1073 1177 sermn-

315 1217 383 1253 nnm
402 1201 493 1254 Isaiae
512 1202 682 1270 prophetae:

422 1280 483 1335 Vox
502 1282 652 1336 clamantis
672 1283 701 1336 in
720 1281 848 1335 deserto:

350 1360 455 1414 Parate
474 1362 550 1415 viam
569 1363 696 1416 Domini:

386 1445 481 1495 rectas
501 1443 588 1496 facite
608 1443 726 1497 semitas
746 1443 820 1496 eius:

281 1527 297 1575 5
352 1522 443 1575 omnis
462 1523 543 1576 vallis
563 1523 741 1592 implebitur:

387 1606 417 1657 et
436 1603 528 1657 omnis
547 1620 638 1669 mona,
658 1608 687 1658 et
706 1604 785 1657 collis
804 1601 1022 1660 humiliabitur:

352 1687 381 1737 et
400 1687 483 1737 erunt
501 1700 592 1752 prava
610 1683 639 1737 in
659 1683 781 1738 directa:

388 1766 417 1817 et
436 1779 539 1831 aspera
558 1763 667 1817 invias
687 1765 803 1832 planas:

94 1857 141 1896 aa·
153 1851 253 1895 Aetam·
282 1849 297 1896 6
353 1847 382 1897 et
400 1842 508 1897 videbit
527 1843 618 1897 omnis
638 1861 704 1898 caro
724 1845 849 1898 salutare
869 1842 930 1897 Dei.

155 1935 253 1976 Miran-
282 1928 297 1977 7
390 1922 511 1977 Dicebat
535 1940 602 1993 ergo
627 1924 665 1978 ad
683 1925 783 1978 turbas
803 1941 876 1994 quae
896 1923 1021 1981 exibant
1043 1931 1088 1980 nt'

181 1978 253 2021 'mim'
318 2003 535 2071 baptizarentur
561 2005 596 2057 ab
624 2005 701 2074 ipso:
729 2003 879 2059 Genimina
902 2004 1071 2072 viperarrun

318 2084 382 2152 quis
415 2083 541 2138 ostendit
567 2085 650 2138 vobis
679 2085 778 2154 fugere
808 2102 825 2138 a
852 2087 975 2138 ventura
1007 2089 1073 2142 ira?

282 2167 299 2215 8
319 2163 415 2217 Facite
435 2181 502 2234 ergo
520 2164 631 2219 fructus
647 2165 748 2235 dignos
763 2165 966 2235 poenitentiae,
987 2172 1022 2222 et
1039 2187 1073 2222 ne

319 2244 471 2312 coeperitis
491 2245 596 2299 dicere:
620 2246 736 2300 Patrem
755 2247 893 2310 babemus
913 2245 1073 2302 Abraham.

320 2323 389 2379 Dico
418 2325 492 2379 enim
521 2327 602 2380 vobis
632 2327 698 2394 quia
726 2330 829 2395 potens
855 2330 900 2380 est
926 2326 1007 2380 Deus
1039 2330 1073 2382 de

283 2409 299 2455 9
319 2404 461 2474 lapidibus
486 2407 550 2460 istis
577 2407 716 2460 suscitare
737 2407 809 2461 filios
828 2406 969 2460 Abrabae.
1009 2408 1072 2462 Iam

319 2486 394 2539 enirn
418 2487 525 2539 securis
546 2485 583 2538 ad
602 2485 725 2540 radicem
746 2487 879 2540 arborum
897 2486 995 2554 posita
1016 2495 1072 2541 est.

320 2565 419 2619 Omnis
461 2583 528 2634 ergo
571 2567 655 2619 arbor
695 2583 752 2620 non
794 2567 902 2620 iaciens
941 2565 1071 2622 fructum

319 2647 440 2712 bonum,
485 2645 646 2712 excidetur,
691 2650 720 2700 et
763 2647 791 2700 in
835 2647 929 2716 ignem
972 2647 1071 2702 mitte-

268 2729 301 2779 ln
320 2730 374 2779 tnr.
454 2725 491 2780 Et
527 2726 743 2795 interrogabant
776 2744 839 2781 eum
868 2728 990 2793 turbae,
1030 2721 1093 2799 ‹li-22

268 2809 299 2858 11
321 2808 432 2859 centes:
467 2805 541 2874 Quid
575 2822 641 2875 ergo
674 2807 833 2861 faciemus?
880 2807 1070 2876 Respondens

321 2890 417 2939 antem
442 2884 555 2940 dicebat
579 2887 648 2940 illis:
673 2887 727 2957 Qui
746 2889 833 2943 babet
854 2888 925 2943 duas
944 2889 1068 2954 tunicas

374 3019 413 3072 3,1
428 3019 519 3062 itureae
628 3021 757 3074 acaiapba
782 3025 786 3073 t
812 3021 875 3064 dom.
891 3025 900 3072 ]
916 3021 955 3065 dei

374 3079 387 3113 7
401 3071 515 3116 exiebant
623 3080 636 3116 8
650 3077 732 3127 potest

374 3125 533 3177 ofiarboris
564 3128 566 3178 l
599 3147 622 3158 -
638 3127 727 3170 bonam
757 3128 760 3180 Ι
791 3127 910 3172 exciditur·
934 3129 938 3180 Ι
963 3127 1067 3172 mittitur

666 3203 708 3248 148
