2275 3434
14 3088 16 3099 r

14 3148 16 3181 i

269 164 388 223 ACTVS
412 166 694 223 APOSTOLORVM.
760 168 900 236 lar-16.

96 328 211 397 linguis
231 331 260 382 et
278 328 497 398 prophetabant.
525 328 615 384 Erant
633 332 730 384 autern
748 345 847 384 omnes
867 333 882 383 7

98 408 151 462 viri
187 408 247 463 fere
279 408 436 463 duodecim.
521 410 716 479 introgressus
751 412 884 464 autem8
912 430 1069 472 repansum.

97 504 291 557 synagogam,
316 505 380 543 cum
404 488 509 543 fiducia
531 490 702 560 loquebatur
720 506 771 558 per
789 494 847 544 tres
926 559 929 566 Ι

98 584 226 635 mensae,
248 568 412 637 disputans
432 572 461 623 et
480 569 606 624 suadens
625 568 661 623 dc
679 586 767 638 regno
786 569 846 624 Dei.

99 648 170 703 Cum
203 651 301 703 autern
333 648 449 718 quidam
482 649 697 717 indurarentur,
730 654 758 705 et
791 654 884 704 none
911 671 948 711 ca.
964 671 1059 713 rrius.

98 728 263 796 crederent,
289 728 492 784 maledicentes
518 730 594 783 viam
610 719 727 785 Domini
752 746 848 785 coram
911 715 1015 799 {12¹2ssss

97 809 289 876 multitudine,
303 809 454 864 discedens
469 810 505 863 ab
521 810 572 876 eie,
586 811 751 879 segregavit
765 810 849 865 disci·
912 804 948 837 ²³
959 807 987 838 ¹⁰·

98 891 197 959 pulos,
225 889 353 960 quotidie
379 890 531 959 disputans
556 892 586 944 in
611 890 710 945 schola
734 892 848 961 tyranni
942 904 946 913 ·

99 970 256 1025 cuiusdam.
293 970 355 1025 Hoc
380 975 477 1025 autem
503 971 612 1025 facturn
638 975 683 1026 est
701 988 753 1041 per
770 973 849 1026 bien·
870 974 903 1026 10

100 1051 190 1117 nium,
216 1051 259 1105 ita
277 1054 309 1105 ut
327 1068 440 1117 omme,
465 1051 513 1120 qui
533 1052 705 1107 habitabant
723 1052 752 1105 in
770 1053 849 1119 Asia,

101 1130 231 1185 audirent
254 1132 373 1185 verbum
392 1131 521 1197 Domini,
547 1131 645 1186 ludaei
669 1135 756 1201 atque
775 1132 849 1187 Gen·

100 1212 171 1266 tiles.
253 1211 437 1281 virtutesque
467 1228 524 1267 non
551 1212 696 1281 quaslibet
723 1212 850 1267 faciebat
870 1216 900 1267 ll
914 1234 960 1275 ua.

98 1291 177 1346 Deus
203 1307 255 1361 per
278 1308 393 1346 manum
412 1291 507 1345 Pauli:
545 1292 588 1347 ita
606 1296 639 1347 ut
657 1292 743 1346 etiarn
763 1309 850 1362 super
870 1297 903 1348 12
913 1316 961 1355 aa.

97 1371 251 1441 languidos
270 1370 450 1427 deferrentur
469 1388 486 1425 a
505 1388 623 1442 corpore
642 1373 703 1427 cius
723 1372 849 1440 sudaria,
913 1359 944 1391 ¹¹⁰
955 1360 1004 1403 ⁶’²⁸'

98 1456 127 1507 et
143 1452 331 1520 semicinctia,
349 1457 378 1507 et
392 1452 565 1508 recedebant
580 1454 616 1507 ab
631 1453 674 1509 eis
687 1455 849 1523 languores

69 1520 128 1627 [ἣξει
156 1532 277 1601 spiritus
304 1548 428 1601 nequam
453 1532 682 1603 egrediebantur.
745 1534 849 1589 Tenta-
870 1538 988 1601 Iduum.

98 1616 204 1669 verunt
229 1616 325 1669 autern
350 1612 466 1682 quidam
492 1618 522 1668 et
548 1613 583 1667 de
608 1614 849 1669 circumeuntibus

97 1693 213 1748 Iudaeis
241 1693 406 1761 exorcistis,
435 1694 568 1749 invocare
597 1711 685 1763 super
709 1712 773 1763 coe,
801 1694 849 1764 qui

98 1774 246 1829 habebant
264 1773 382 1842 spiritns
400 1774 501 1841 malos,
520 1790 625 1829 nomen
644 1775 756 1830 Domini
777 1776 849 1842 Iesu,

99 1854 241 1909 dicentes:
261 1852 366 1908 Adiuro
386 1870 437 1909 vos
456 1870 508 1922 per
522 1855 624 1921 Iesum,
643 1871 728 1924 quern
742 1856 849 1909 Paulus

100 1934 256 2003 praedicat.
282 1934 371 1989 Erant
386 1938 482 1991 autem
497 1934 614 2003 quidam
628 1934 724 1989 ludaei
740 1936 849 1989 Scevae
871 1940 903 1992 14

104 2014 237 2084 principis
257 2014 438 2070 sacerdotum
457 2018 568 2083 septem
587 2015 646 2080 filii,
666 2015 715 2084 qui
735 2015 789 2069 hoc
808 2017 849 2069 fa·

104 2095 224 2150 ciebant.
260 2094 447 2164 Respondens
472 2098 568 2149 autem
588 2094 707 2163 spiritus
726 2112 849 2165 nequam
870 2100 944 2152 laius
957 2120 1003 2160 ua.

101 2174 170 2231 dixit
197 2175 254 2229 eis:
280 2175 373 2229 Iesum
396 2174 478 2240 novi,
505 2178 534 2229 et
552 2175 673 2228 Paulum
695 2175 770 2228 scio:
797 2193 849 2230 vos
913 2165 987 2205 “¹⁴¹¹

100 2260 196 2310 autern
216 2255 265 2324 qui
284 2256 375 2310 estis?
404 2255 440 2309 Et
457 2255 585 2309 insiliens
600 2253 628 2307 in
643 2271 693 2308 eos
708 2257 800 2323 horno,
820 2257 848 2309 in
870 2263 902 2313 16

99 2353 154 2405 quo
174 2340 238 2389 erat
258 2335 437 2391 daemonium
456 2336 622 2405 pessimum,
641 2339 671 2389 st
686 2335 848 2390 dominatus

99 2416 257 2482 amborum,
276 2415 395 2471 invaluit
414 2420 514 2470 contra
533 2432 592 2482 soe,
611 2416 653 2470 ita
672 2420 705 2469 ut
723 2415 800 2483 nudi,
820 2421 849 2469 et

153 2718 223 2765 sper
236 2712 287 2755 tres
303 2720 378 2753 mens.
392 2726 409 2753 c.
423 2726 479 2764 seqq.
494 2716 546 2754 conr.

153 2790 204 2823 a·
220 2781 317 2825 Domini
343 2782 346 2832 Ι
372 2782 537 2826 —cuiusdam

154 2861 178 2897 rr
193 2854 214 2909 ξ
229 2865 278 2897 non
293 2853 401 2897 modicas
417 2853 493 2907 qussi.
520 2857 523 2907 Ι
550 2856 648 2905 >deus
662 2856 708 2899 fao.
735 2854 739 2908 Ι
764 2863 850 2897 manus

154 2932 179 2969 12
194 2928 218 2969 et
232 2926 258 2969 1⁰
272 2929 280 2976 ]
295 2925 335 2971 vel

156 3004 179 3040 14
194 2998 257 3051 quid.
281 3001 289 3048 1
318 2996 338 3052 5
361 2998 486 3041 cuiusdam
528 3001 531 3051 Ι
574 3000 595 3053 ᾗ
620 3000 668 3043 iud.
693 2999 789 3043 nomino
811 2998 849 3041 Sc.

104 3066 136 3120 ψ
152 3072 173 3117 >
190 3080 277 3112 scenae
291 3068 372 3112 iudaei

156 3147 181 3183 16
196 3144 217 3191 >
233 3141 303 3185 homo
319 3141 343 3183 in
359 3152 399 3184 eos

462 3221 503 3267 359
