2275 3434
219 130 404 198 13‚1a-14‚1.
439 129 695 187 APOCALYPSIS
717 128 875 187 IOANNIS.

271 291 300 345 in
319 294 475 360 conspectu
501 291 577 345 eius:
604 294 633 347 et
658 291 728 345 fecit
746 295 867 359 terram,
892 295 922 347 et
940 292 1023 346 habi·

270 374 368 426 tantes
386 371 416 426 in
434 388 484 439 ea,
503 370 623 426 adorare
642 371 766 426 bestiam
785 372 919 441 primam,
939 373 1022 427 cuius

109 473 137 505 m
149 472 207 511 aaa
219 454 252 506 13
272 455 372 507 curata
382 455 427 505 est
436 452 524 521 plaga
536 452 646 506 mortis,
674 450 712 506 Et
726 451 794 506 fecit
809 452 893 521 signa
906 470 1023 521 magna,

49 517 208 603 ,fflgss'ssss
272 536 304 587 ut
323 532 410 587 etiam
434 532 530 601 ignem
556 532 665 587 faceret
688 531 724 586 de
748 533 827 587 caelo
847 531 1023 589 descendere
1118 572 1119 577 κ

95 631 121 665 m
133 632 208 709 υἱὲ-23.
220 615 254 666 14
273 613 301 666 in
320 615 427 667 terram
446 612 475 666 in
494 615 652 680 conspectu
670 611 824 667 hominurn.
849 612 887 667 Et
906 612 1023 668 seduxit

173 698 179 716 '
203 696 209 708 ⁶
272 691 439 746 habitantes
458 692 487 745 in
505 695 584 747 terra
601 695 719 761 propter
737 692 834 763 sigua,
858 709 933 761 quae
954 692 1023 749 data

273 775 341 827 sunt
359 772 399 826 illi
417 770 514 826 facere
538 772 569 826 iu
588 775 745 843 conspectu
768 772 897 840 bestiae,
923 772 1023 828 dicens
1119 816 1120 823 ,

272 851 471 908 habitantibus
496 852 526 906 in
551 855 644 920 terra,
672 855 705 907 ut
732 852 841 907 saniant
868 852 1023 922 imaginem

272 932 399 1000 hestiae,
425 948 499 1001 quae
518 931 607 987 hahet
631 933 747 1003 plagam
764 931 868 1002 gladii,
894 937 924 988 et
942 934 1023 988 vixit.

112 1030 144 1064 n„
155 1032 210 1073 aas.
222 1015 255 1066 15
273 1013 310 1066 Et
328 1012 428 1067 datum
453 1015 499 1067 est
524 1012 564 1067 illi
589 1016 622 1067 ut
647 1012 729 1067 daret
754 1012 886 1082 spiritum
905 1013 1024 1083 imagini

273 1093 401 1160 hestiae,
429 1095 459 1147 et
486 1095 519 1147 nt
550 1093 685 1163 loquatur
715 1092 811 1162 imago
838 1092 966 1148 bestiae:
995 1099 1025 1149 et

275 1173 364 1227 faciat
389 1176 423 1227 ut
446 1172 618 1243 quicumque
642 1189 700 1228 non
723 1172 906 1228 adoraverint
924 1173 1025 1243 imagi-

154 1255 256 1311 1o,20.16
275 1270 340 1308 nem
367 1253 494 1320 bestiae,
522 1251 697 1307 occidantur.
733 1251 780 1307 ,ut
807 1251 897 1309 faciet
925 1270 1025 1309 omnes

274 1332 409 1402 pusillos,
427 1335 458 1387 et
475 1349 612 1401 magum,
631 1335 661 1387 et
681 1331 799 1400 divites,
823 1335 853 1387 et
871 1348 1025 1403 pauperes
1121 1332 1122 1343 ¹

275 1417 304 1467 et
322 1412 443 1480 liberae,
469 1416 498 1467 et
524 1428 624 1468 servos
650 1412 755 1467 habere
780 1412 977 1468 characterem
996 1414 1024 1468 in

223 1495 256 1548 17
276 1492 394 1548 dextera
411 1508 499 1547 manu
518 1509 584 1560 sua,
609 1492 707 1547 autin
727 1492 869 1548 frontibus
889 1494 959 1548 suis,
997 1498 1027 1549 et
1122 1552 1123 1575 ¹

275 1573 378 1643 nequis
396 1572 489 1643 possit
514 1588 624 1641 eruere,
651 1576 701 1629 aut
726 1571 864 1640 vendere,
892 1574 948 1627 nisi
978 1574 1026 1644 qui

275 1653 365 1708 hahet
387 1652 595 1721 characterem,
621 1655 672 1707 aut
696 1668 799 1707 nomeu
824 1652 951 1721 bestiae,
976 1657 1027 1709 aut

108 1754 154 1790 un
167 1753 213 1791 aa.
225 1736 259 1787 18
276 1749 425 1788 numerum
450 1732 573 1787 nominis
599 1732 670 1787 eius
738 1732 791 1787 Hic
810 1733 954 1803 sapientia
973 1738 1028 1790 est.

95 1799 102 1829 ¹
107 1797 214 1882 fflssiij
278 1813 332 1883 Qui
346 1813 435 1868 habet
449 1812 633 1880 intellectum,
652 1816 800 1883 computet
814 1829 964 1868 numerum
979 1814 1028 1868 he·

278 1894 361 1949 stiae.
385 1892 527 1947 Numerus
541 1892 615 1947 euim
631 1892 754 1947 hominis
768 1898 827 1948 est:
848 1896 877 1948 et
892 1910 1027 1949 numerus

279 1974 341 2030 eius
361 1973 489 2028 sexcenti
508 1972 661 2042 sexaginta
679 1989 739 2027 sex.

141 2074 168 2105 ra
179 2074 215 2112 os.
225 2044 266 2117 14
349 2054 396 2109 ET
424 2052 495 2108 vidi:
530 2056 560 2108 et
592 2069 659 2109 ecce
686 2053 785 2122 Agnus
813 2053 911 2109 stabat
939 2062 1063 2123 supra15

121 2118 215 2160 ⁷⁸⁴'⁸’¹²'
279 2138 405 2189 ruentem
434 2133 518 2201 Sion,
546 2136 577 2188 et
604 2149 669 2188 cum
697 2150 730 2188 eo
759 2136 874 2188 centurn
907 2134 1030 2204 quadra-

279 2215 361 2284 ginta
386 2217 522 2283 quattuor
547 2213 636 2268 millia
660 2212 800 2269 hahentes
826 2230 930 2269 nomen
957 2213 1030 2281 ciue,

280 2299 310 2350 et
364 2310 467 2349 nomen
526 2294 623 2350 Patris
683 2292 745 2349 eius
806 2294 946 2363 scriptum
1001 2294 1030 2348 iu

334 2479 360 2517 12
373 2472 437 2524 tec]
448 2473 510 2517 tacit
518 2472 601 2528 {wi
612 2472 781 2518 inhabitantes
791 2472 860 2526 wi
870 2474 873 2526 Ι
884 2471 910 2515 in
921 2482 974 2515 eam
982 2474 1034 2514 AF

334 2534 498 2583 rarenter
521 2538 524 2587 Ι
551 2536 676 2589 (facerent)
702 2536 706 2585 Ι
730 2536 888 2589 conspectum
902 2537 927 2578 Δ
952 2534 956 2541 ’

333 2605 359 2641 n
374 2598 470 2642 seducit
486 2597 556 2652 wi
574 2601 624 2643 -cet
639 2602 662 2641 Α
688 2600 692 2650 Ι
716 2599 775 2642 int.
792 2598 839 2647 1⁰]
857 2595 1030 2652 terramala

281 2662 380 2712 (terrae)
404 2662 408 2712 1
433 2659 459 2703 iu
473 2662 564 2704 terrem
580 2660 623 2712 (2⁰)
637 2663 663 2702 F
685 2660 689 2714 i
715 2659 833 2714 (grediae)

334 2728 361 2766 15
376 2726 399 2773 >
414 2723 481 2766 utet
511 2724 518 2778 i
549 2722 625 2767 faciet
638 2724 665 2763 F
694 2723 698 2776 Ι
731 2744 754 2755 -
770 2725 797 2765 ut
810 2720 837 2764 3⁰
850 2724 876 2765 A
908 2722 913 2777 1
945 2722 1031 2765 adora·

281 2784 345 2829 verit
358 2784 428 2837 w
450 2787 455 2836 Ι
480 2784 606 2829 occidatur
619 2784 664 2838 {F

334 2853 360 2889 re
374 2846 501 2890 character
515 2853 548 2898 (c-
562 2850 599 2899 F)
616 2853 647 2901 ‚tt
660 2853 685 2889 17
710 2848 714 2897 Ι
739 2843 825 2890 dextra
848 2848 853 2898 Ι
880 2856 965 2892 -sua

335 2915 362 2952 17
376 2910 477 2962 (posset)
489 2910 493 2962 Ι
506 2910 554 2964 nisi
573 2910 626 2963 quis
637 2909 673 2951 ΑΙ
689 2909 694 2961 Ι
710 2910 753 2951 ant
767 2919 831 2954 nom.
847 2908 976 2960 inominis
990 2908 1033 2963 fit

282 2970 331 3014 -iue
344 2973 366 3012 Α
413 2977 439 3013 18
452 2971 522 3021 eius]
537 2973 613 3024 †est
638 2971 641 3024 Ι
667 2970 772 3014 sescenti
785 2970 845 3027 &At
870 2976 899 3014 aa
913 2970 1034 3017 uchavl

282 3037 297 3076 ι’.
311 3049 338 3075 m.
353 3042 450 3075 'ruins
465 3032 501 3072 Μ

337 3095 511 3151 tat,1superF
534 3095 538 3148 Ι
562 3094 605 3137 iilo

627 3172 669 3220 633
