2275 3434
207 142 215 147 ’
303 147 503 204 sucvuuvu
524 147 686 202 unuuvu.
770 146 913 214 ala-aa

109 310 229 380 spiritu,
268 311 325 365 ait:
364 309 438 378 Quid
472 304 620 379 generatio
654 309 712 362 ista
746 309 860 378 signum

109 391 243 460 emacuit?
281 392 371 444 Amen
391 390 454 444 dico
474 390 572 456 vobis,
598 389 622 441 si
642 388 758 442 dabitur
775 405 860 458 genc-

109 472 216 526 rationi
230 471 280 526 isti
295 471 417 542 signum.
443 469 479 524 Et
494 469 642 524 dimittens
657 485 715 536 eoa
731 469 861 523 ascendit
880 471 914 521 13

109 553 215 607 iterum
240 552 352 619 navim,
381 555 410 605 et
436 550 508 604 abiit
532 552 613 604 trans
639 550 752 604 fretum.
825 549 861 602 Et
881 550 916 600 14

110 632 193 687 obliti
219 635 287 686 sunt
312 647 404 701 panes
430 646 556 684 sumere:
584 634 613 683 et
632 630 688 683 nisi
706 647 794 683 unum
812 647 862 697 pa-

81 706 178 786 τζ-ῐιεῑη
203 729 259 767 non
283 711 431 766 habehant
450 727 548 764 secum
566 710 595 763 in
615 711 689 764 navi.
727 709 763 763 Et
781 726 862 778 prae·
883 709 941 760 loc
953 727 1000 769 ns.

111 793 239 862 cipiebat
258 793 312 860 eis,
332 792 444 846 dicens:
469 789 583 858 Videte,
603 794 632 844 et
651 793 752 845 cavete
772 808 789 843 a
808 789 863 844 fer·
925 773 962 815 δ’*

111 877 210 927 mento
238 873 472 936 Pharisaeorum,
506 874 535 924 et
564 871 704 925 fermento
732 869 862 924 Herodis,
923 901 929 912 ·

83 946 102 1023 ’ζ’
114 953 152 1005 Et
171 951 339 1020 cogitabant
358 950 394 1005 ad
414 953 594 1018 alterutrum,
619 951 762 1005 dicentes:
790 950 864 1019 Quia
883 952 916 1002 16

114 1047 208 1099 panes
232 1047 290 1084 non
314 1030 460 1084 habemus.
499 1031 561 1100 Quo
587 1030 715 1100 cognito,
743 1031 783 1085 ait
807 1031 863 1083 illis
883 1032 975 1091 Nan.

114 1111 209 1164 Iesus:
227 1109 301 1179 Quid
316 1111 457 1179 cogitatis,
473 1111 541 1180 quia
554 1127 645 1180 panes
659 1127 716 1164 non
730 1111 863 1165 habetis?

114 1189 253 1245 nondum
274 1191 446 1260 cognoscitis
474 1207 527 1245 nec
555 1190 737 1259 intelligitis?
770 1190 863 1244 adhuc

113 1274 264 1326 caecatum
291 1269 404 1325 habetis
431 1288 480 1326 cor
504 1273 653 1326 vestrum?
691 1273 788 1326 oculos
814 1271 863 1324 ha·
883 1272 951 1323 18³1
961 1291 1010 1331 an.

112 1353 216 1406 hentes
242 1366 299 1405 non
324 1351 448 1406 videtis?
475 1355 504 1406 et
531 1367 615 1405 aures
642 1351 781 1405 habentes
806 1368 864 1404 non
927 1335 1013 1377 ¹³¹¹*

115 1430 242 1484 auditis?
278 1431 336 1485 Nec
363 1430 561 1497 recordamini,
583 1431 720 1500 'quando
739 1432 863 1500 quinque
884 1433 917 1484 19
927 1451 1016 1491 an-u.

114 1527 206 1579 panes
225 1511 297 1580 fregi
316 1512 345 1565 in
365 1512 490 1581 quinque
509 1512 611 1565 millia:
637 1515 707 1580 quot
726 1511 864 1580 cophinos

115 1591 341 1659 fragmentorum
360 1592 460 1660 plenos
480 1591 659 1645 sustulistis?
696 1591 804 1645 Dicunt
823 1592 863 1645 ei:

115 1670 280 1726 Duodecim.
333 1671 453 1741 Quando
493 1675 523 1726 et
559 1674 672 1740 septem
707 1687 799 1740 panes
835 1672 864 1724 in
883 1675 976 1724 200-0.

115 1754 252 1820 quattuor
277 1752 379 1806 millia:
406 1756 476 1821 quot
500 1754 615 1820 sportas
640 1752 865 1820 fragmentorum

114 1831 243 1886 tulistis?
280 1833 317 1886 ut
342 1832 441 1887 dicunt
464 1833 504 1887 ei:
532 1831 658 1901 Septem.
680 1833 732 1886 *ut
751 1831 865 1885 dicebat
884 1835 917 1884 21

116 1913 173 1966 eis:
195 1910 341 1981 Quomodo
361 1913 487 1966 nondum
505 1913 686 1982 intelligitis?

89 1982 109 2062 ἢ
187 1993 225 2046 Et
247 1993 366 2047 veniunt
389 1992 591 2060 Bethsaidam,
618 1995 647 2047 et
671 1991 817 2046 adducunt
840 1991 866 2045 ei
885 1996 977 2053 ddum.

119 2088 248 2139 caecum,
274 2075 303 2126 et
327 2073 469 2140 rogabant
493 2088 557 2126 eum
577 2076 609 2126 ut
627 2072 706 2126 illum
723 2075 865 2139 tangeret.

118 2151 154 2206 Et
173 2151 354 2222 apprehensa
372 2168 458 2205 manu
478 2151 564 2218 caeci,
584 2151 684 2206 eduxit
702 2167 766 2205 eum
786 2154 867 2204 extra
885 2156 940 2205 237
960 2172 1007 2207 aaa

118 2232 226 2286 vicum:
254 2234 282 2286 et
308 2247 435 2300 expuens
461 2231 490 2284 in
516 2232 612 2300 oculos
639 2232 701 2285 eius
724 2231 866 2300 impositis
953 2218 991 2260 θ’θ’

118 2313 250 2366 manibus
265 2312 334 2378 suis,
349 2311 538 2380 interrogavit
552 2327 617 2365 eum
632 2311 656 2365 si
669 2310 738 2380 quid
748 2310 865 2366 videret.

119 2393 155 2447 ut
170 2393 322 2462 aspiciens
338 2392 392 2447 ait:
408 2392 497 2446 Video
512 2392 641 2446 homines
656 2393 734 2445 velut
749 2391 866 2446 arbores
884 2397 920 2448 24

120 2472 308 2526 ambulantes
345 2472 455 2526 Deinde
479 2473 583 2526 iterum
606 2471 743 2540 imposuit
763 2489 865 2526 manus
884 2477 919 2529 25

119 2569 206 2622 super
242 2554 339 2608 oculos
377 2553 455 2607 eius:
494 2558 522 2608 et
555 2552 649 2622 coepit
681 2552 786 2607 videre.
837 2557 867 2608 et

119 2633 270 2688 restitutus
292 2636 336 2687 est
355 2633 395 2687 ita
414 2637 446 2688 ut
466 2635 540 2688 clare
560 2633 671 2687 uideret
689 2633 793 2686 omnia.
830 2634 866 2687 Et
885 2639 977 2696 dhan.

173 2854 199 2890 12
215 2851 237 2897 >
254 2857 337 2900 quaer.
353 2847 418 2900 sign.

173 2907 199 2944 13
214 2901 350 2944 ascendens
365 2901 419 2945 iter.
435 2900 497 2944 abiit

174 2961 199 2997 14
215 2957 237 3004 >
254 2963 313 2998 sum.
328 2965 385 3008 pau.
467 2959 493 2997 15
509 2974 532 2985 -
548 2954 613 2997 et20

174 3014 199 3050 17
215 3012 237 3058 >
253 3007 297 3052 ies.
314 3009 350 3052 ait
363 3007 413 3052 illis
481 3013 508 3050 22
523 3007 652 3051 bethsaida

173 3068 200 3104 23
213 3061 395 3115 adprehendens
411 3071 509 3106 manum
534 3075 537 3114 ι
563 3061 654 3115 aliquid

173 3119 237 3166 25>
253 3115 302 3160 vid.
318 3114 382 3160 clarc

482 3193 522 3238 107
