2275 3434
192 194 335 261 dli-25.
399 192 518 249 ACTVS
542 192 825 251 APOSTOLORVM.

248 355 373 409 minibus
388 355 470 409 istis?
488 356 623 425 quoniam
638 356 752 426 quidem
767 360 867 411 notum
882 356 1000 424 signum

248 435 357 490 factum
388 440 432 491 est
459 453 511 505 per
539 452 604 504 eos,
637 437 769 491 omnibus
796 436 1000 491 habitantibus

248 516 415 570 Ierusalem:
434 516 620 572 manifestum
639 521 699 583 est,
718 521 748 572 et
765 532 822 571 non
841 532 1000 586 possumus

136 615 183 656 aas.
195 599 227 651 17
248 612 361 665 negare.
400 596 457 651 Sed
477 613 514 651 ne
535 597 658 667 amplius
678 597 840 666 divulgetur
858 597 887 650 in
907 610 1001 667 popu·

247 677 318 743 lum,
344 677 547 731 comminemur
566 677 621 745 eis,
644 694 681 733 ne
700 678 775 732 ultra
794 677 952 748 loquantur
971 677 1001 731 in

195 759 228 811 18
248 757 360 815 nomine
387 757 441 812 hoc
465 758 514 811 ulli
533 758 687 813 hominum.
724 758 761 813 Et
780 762 919 813 vocantes
938 774 1000 825 eoa,

249 836 493 893 denunciaverunt
511 854 546 892 ne
563 839 678 894 omnino
693 839 885 910 loquerentur,
904 854 1000 907 neque

136 936 183 978 uro.
195 919 228 971 19
248 917 383 973 docerent
411 918 439 973 in
467 919 582 973 nomine
610 919 683 975 Iesu.
726 919 829 974 Petrus
856 935 940 986 vero,
970 923 1000 973 et

247 998 368 1053 Ioannes
396 999 618 1069 respondenteS,
646 999 779 1055 dixerunt
807 998 844 1054 ad
872 1014 937 1054 eos:
967 998 999 1053 Si

248 1079 355 1133 iustum
370 1083 415 1135 est
431 1079 460 1133 in
474 1084 631 1149 conspectu
642 1079 704 1147 Dei,
719 1096 771 1134 vos
785 1079 882 1149 potius
898 1078 999 1134 audire

193 1160 229 1211 20
248 1160 334 1228 quim
353 1159 462 1227 Deum,
487 1159 621 1215 iudicate.
658 1176 715 1214 non
741 1159 816 1214 enirn
841 1176 999 1229 possumus

194 1242 226 1292 21
249 1254 322 1308 quae
339 1238 462 1294 vidimus
482 1243 511 1295 et
530 1239 692 1295 audivimus
711 1256 768 1295 non
786 1240 872 1310 loqui.
900 1240 999 1294 Atilii

248 1320 455 1374 comminantes
472 1319 642 1375 dimiserunt
661 1337 724 1375 eos:
743 1337 800 1375 non
816 1320 999 1375 invenientes

248 1399 390 1469 quomodo
408 1400 543 1469 punirent
562 1416 612 1455 eos
630 1405 748 1470 propter
764 1401 909 1470 populum,
929 1401 1000 1469 quia

248 1496 346 1534 omnes
372 1480 568 1535 clarificabant
594 1480 638 1548 id,
664 1480 740 1551 quod
766 1480 875 1535 lactum
901 1481 1000 1535 iuerat

193 1560 229 1613 22
248 1559 277 1614 in
305 1576 339 1614 eo
366 1559 443 1629 quod
471 1560 624 1616 acciderat.
661 1562 807 1615 Annorum
832 1559 908 1615 enim
935 1564 1000 1615 erat

249 1639 371 1709 amplius
399 1639 591 1710 quadraginta
618 1641 718 1709 homo,
745 1641 774 1694 in
802 1656 858 1710 quo
887 1640 1000 1696 factum

194 1721 229 1773 23
249 1720 344 1775 fuerat
380 1721 493 1789 signum
529 1720 608 1776 istud
645 1721 788 1776 sanitatis
878 1720 999 1776 Dimissi
1007 1728 1038 1772 11

249 1804 344 1854 autem
368 1805 507 1855 venerunt
532 1801 568 1855 ad
592 1818 674 1857 suos:
699 1805 729 1856 et
751 1800 1001 1855 annunciaverunt

249 1880 290 1934 eis
317 1884 425 1950 quanta
451 1881 487 1935 ad
513 1898 562 1935 eos
582 1882 725 1952 principes
744 1880 942 1949 sacerdotum,
968 1886 1001 1937 et

85 1970 115 2047 ᾗ
126 1970 184 2046 {23¹3-
195 1962 230 2013 24
249 1960 379 2015 seniores
392 1960 539 2016 dixissent.
569 1962 624 2031 Qui
640 1978 705 2016 cum
720 1961 878 2029 audissent,
897 1962 1001 2016 unani·

96 2060 116 2091 ι.
126 2035 185 2100 εωόἷ
249 2040 333 2094 miter
346 2041 514 2096 levaverunt
528 2058 628 2097 vocem
643 2041 680 2096 ad
690 2041 791 2108 Deum,
806 2046 836 2097 et
850 2041 999 2096 dixerunt:

27 2102 185 2189 L2‚29‚³i,⁸{‡}ij
249 2120 382 2187 Domine,
406 2125 438 2176 tu
457 2137 488 2175 es
507 2122 556 2191 qui
576 2121 671 2177 fecisti
690 2123 813 2188 caelum,
832 2125 862 2177 et
880 2124 999 2190 terrain,

92 2220 117 2253 rs
130 2203 230 2261 e,1.2.25
249 2217 335 2267 mare,
355 2205 384 2255 et
403 2202 506 2269 omnic,
526 2219 600 2271 quae
617 2202 646 2257 in
660 2203 703 2257 eis
718 2206 799 2256 sunt:
823 2202 873 2271 qui
886 2200 1000 2271 Spiritu

249 2285 349 2335 sancto
368 2298 419 2350 per
438 2298 471 2337 os
489 2283 582 2351 patris
601 2283 692 2337 nostri
710 2281 819 2349 David,
845 2282 926 2351 pueri
946 2283 999 2349 tui,

249 2360 361 2414 dixisti:

284 2457 379 2527 Quare
398 2459 576 2515 fremuerunt
595 2460 711 2527 Gentes,

319 2542 348 2593 et
367 2540 464 2609 populi
483 2540 616 2596 meditati
635 2545 703 2595 sunt
721 2540 838 2595 inania?

293 2722 324 2726 ....
331 2720 461 2729 -b—---

301 2848 326 2884 21
342 2841 419 2885 clarii.
498 2842 598 2894 occid]
619 2843 724 2895 'solarii
746 2844 816 2888 deum
837 2844 862 2889 in
884 2856 913 2887 eo
933 2845 996 2897 quod

249 2912 341 2955 lactum
356 2914 432 2963 erat†

301 2989 328 3025 22
341 2982 421 3027 lueret
434 2986 442 3033 ]
458 2986 510 3027 erat

302 3058 328 3095 24
343 3074 366 3086 -
382 3065 409 3097 es
435 3056 438 3108 Ι
464 3057 488 3097 ot
502 3065 568 3099 mare
