2275 3434
571 170 859 226 {mistim}
871 170 963 226 ΨΜ
1015 170 1336 226 mausum.
1416 170 1788 234 15,4?]·—l[i,='i.

178 334 335 402 (unul
395 338 483 386 eal
539 338 671 386 ante
727 334 1055 390 sabbatum]
1095 334 1099 370 ¹
1135 334 1284 386 venii
1352 330 1548 398 loseph
1608 334 1680 382 nh
1720 334 1788 382 423

178 414 551 467 Arimaillaffl
599 414 803 466 nobilis
855 414 1111 474 decuria,
1163 414 1260 482 qui
1300 418 1356 466 et
1400 410 1520 478 ipse
1560 418 1684 466 erat

180 498 499 562 expectans
551 510 785 562 regnum
827 494 959 550 Dei„
1011 498 1067 546 el
1119 494 1392 546 innianter
1432 494 1684 546 introivit.

182 574 259 626 ad
312 574 588 642 Pilatum,
646 582 705 628 et
758 574 927 643 petiit
984 590 1190 642 corpus
1243 574 1387 626 Iesu.
1463 574 1683 625 Pilatus
1721 574 1792 621 44

183 657 379 708 autem
429 655 746 709 mirabatur
794 655 843 708 si
890 654 1004 707 iam
1053 654 1308 708 obiisset.
1385 652 1458 706 Et
1498 667 1686 705 accer-

182 735 297 789 sito
338 735 683 801 centurione,
723 734 1097 802 interrogavit
1136 750 1265 788 eum
1305 733 1355 787 si
1392 733 1505 786 iam
1538 749 1685 786 mor-

183 819 321 888 tuus
360 819 531 869 esset.
597 815 671 869 Et
709 831 839 868 cum
878 813 1244 882 cognovisset
1273 830 1308 866 a
1337 813 1684 878 centurione,
1722 812 1792 862 45

107 890 162 968 ‘-'{⁸
184 894 424 949 donavit
453 911 659 963 corpus
679 893 901 962 Ioseph.
940 893 1145 962 Ioseph
1177 897 1368 947 autem
1397 896 1685 946 mercatus
1723 893 1792 941 46

186 973 513 1040 sindonem,
562 976 620 1028 et
658 973 950 1042 deponens
988 990 1117 1027 eum
1156 973 1393 1026 involvit
1431 973 1686 1038 sindone,

190 1059 249 1107 et
296 1055 491 1122 posuit
529 1070 658 1108 eum
696 1054 755 1107 in
792 1057 1187 1121 monumentO,
1241 1053 1393 1122 quod
1431 1056 1556 1107 erat
1593 1069 1687 1107 ex-

190 1134 373 1187 cisum
404 1133 472 1187 de
501 1137 682 1203 petra,
723 1137 781 1188 et
810 1134 1063 1189 advolvit
1092 1134 1343 1203 lapidem
1375 1133 1448 1187 ad
1477 1133 1686 1188 ostium

112 1209 168 1288 εἶθ
187 1215 557 1269 monumenti.
612 1215 789 1268 Maria
819 1218 1013 1269 autem
1042 1214 1393 1284 Magdalene,
1425 1218 1482 1268 et
1511 1214 1686 1268 Maria
1723 1215 1791 1264 47

187 1295 395 1363 Ioseph
436 1295 796 1363 aspiciebant
832 1294 931 1348 ubi
970 1298 1292 1363 poneretur.

1879 1399 1988 1433 1-8:

113 1452 168 1531 ἒξ)
332 1455 406 1510 Et
446 1472 573 1510 cum
612 1457 917 1511 transisset
956 1457 1280 1524 sabbatum,
1320 1456 1498 1510 Maria
1534 1457 1687 1524 Mag·
1719 1446 1751 1515 1
1813 1444 2046 1530 ff‘ssffffig·

190 1535 418 1602 dalene,
473 1540 533 1591 et
568 1537 746 1591 Maria
784 1538 999 1604 Iacobi,
1052 1541 1110 1592 et
1149 1536 1376 1592 Salome
1428 1540 1688 1590 emerunt
1814 1533 1843 1565 J
1864 1535 2039 1576 ²⁰’¹”¹⁰·

114 1611 165 1691 ΞΤ
192 1620 451 1671 aromata
515 1621 581 1671 ut
638 1617 933 1671 venientes
989 1623 1270 1687 ungerent
1325 1617 1529 1671 Iesum.
1615 1617 1688 1670 Et
1728 1617 1759 1666 2

192 1696 357 1751 valde
422 1713 589 1752 mane
654 1715 769 1751 una
834 1698 1238 1764 sabbatorum,
1315 1698 1552 1752 veniunt
1617 1696 1690 1749 ad

192 1781 651 1845 monumentum,
719 1781 843 1832 orto
900 1779 1014 1832 iam
1070 1779 1206 1832 sole.
1295 1778 1368 1832 Et
1424 1777 1691 1831 dicebant
1730 1777 1762 1825 3

195 1857 268 1910 ad
318 1857 590 1911 invicem:
646 1858 785 1927 Quis
836 1859 1091 1913 revolvet
1127 1859 1294 1914 nobis
1331 1858 1578 1927 lapidem
1619 1857 1689 1910 ab

198 1938 343 1990 ostio
397 1938 789 1992 monumenti?
873 1938 947 1992 Et
1001 1940 1376 2007 respicientes
1428 1937 1693 1991 viderunt
1730 1937 1765 1985 4

198 2017 513 2070 revolutum
541 2018 803 2087 lapidem.
842 2018 982 2073 Erat
1006 2019 1217 2088 quippe
1241 2034 1485 2087 magnus
1509 2017 1691 2071 valde.

199 2093 271 2147 Et
353 2095 703 2153 introeuntes
788 2099 844 2150 in
924 2102 1353 2152 monumentum
1427 2097 1692 2151 viderunt
1733 2097 1764 2145 5

305 2505 357 2542 43
388 2497 501 2555 &w
529 2498 800 2543 Arimathia
852 2501 857 2552 Ι
908 2500 1097 2544 introiit

213 2607 219 2612 -
306 2585 360 2622 44
388 2580 579 2625 obisset

306 2667 357 2703 46
386 2660 429 2716 ᾗ
460 2662 510 2704 in
546 2662 671 2706 sind.

310 2741 405 2793 16,1
434 2753 554 2796 ung.
586 2753 691 2786 eum

307 2828 332 2864 4
360 2822 533 2866 vident

932 3222 1012 3267 135
