2275 3434
223 156 410 224 ttae-mn.
444 154 564 211 ACTVS
582 152 864 209 APOSTOLORVM.

279 316 359 371 Felix
385 315 547 385 respondit:
576 314 659 385 Quod
686 331 761 369 nunc
789 313 909 378 attinet,
937 311 1026 366 vade:

225 401 260 452 26
278 402 407 467 tempore
422 400 518 451 autem
533 399 694 465 opportuno
709 410 855 449 accersam
868 397 912 448 te:
926 392 1027 447 ¹simul

280 482 309 533 et
327 494 456 547 sperans,
475 476 551 546 quod
570 476 694 545 pecunia
711 476 737 530 ei
756 474 873 529 daretur
892 490 910 527 a
928 473 1029 539 Paulo,

280 562 397 627 propter
424 557 501 627 quod
528 562 557 611 et
585 556 750 625 frequenter
777 570 929 609 accersens
954 570 1029 619 eum,

107 658 128 690 n
129 658 157 699 a,
169 658 216 698 rao
226 642 260 693 27
280 639 450 707 loquebatur
464 654 529 692 cum
543 654 586 691 eo.
659 635 777 691 Biennio
792 637 889 689 autem
904 635 1030 703 expleto,

131 702 216 788 Lssflgl‘
281 720 391 788 accepit
419 734 614 773 successorem
643 716 723 771 Felix
747 716 875 770 Portium
900 714 1030 768 Festum

280 800 383 853 Volens
403 803 499 854 autem
513 799 637 868 gratiam
651 799 749 866 praest
751 813 799 850 are
812 795 928 849 ludaeis
941 794 1029 861 Felix,

280 880 394 949 reliquit
411 880 532 934 Paulum
551 879 686 932 vinctum.

226 1031 270 1103 25
351 1042 454 1095 Festus
479 1056 546 1109 ergo
565 1056 630 1093 cum
649 1038 777 1093 venisset
795 1037 825 1090 in
842 1036 1031 1106 provinciam,

280 1125 347 1191 post
369 1121 494 1176 triduum
518 1119 648 1175 ascendit
666 1119 868 1187 lerosolymam
886 1134 905 1171 a
924 1116 1031 1172 Caesa-

168 1225 215 1265 na.
244 1204 337 1257 trea.
374 1201 569 1270 Adieruntque
591 1216 657 1255 eum
674 1199 818 1269 principes
836 1198 1030 1265 sacerdotum,

281 1287 309 1336 et
328 1282 411 1352 primi
429 1282 599 1336 ludaeorum
617 1280 756 1334 adversus
774 1279 910 1333 Paulum:
936 1282 967 1333 et
985 1296 1030 1332 ro·

140 1385 216 1426 ans.
245 1363 389 1431 3gabant
416 1378 497 1429 eum,
534 1362 715 1431 postulantes
739 1360 862 1428 gratiam
889 1358 1029 1413 adversus

282 1460 361 1510 eum,
387 1446 419 1497 ut
445 1443 556 1498 iuberet
581 1441 698 1511 perduci
724 1458 789 1495 eum
813 1440 842 1493 in
865 1440 1029 1506 Ierusalem,

281 1524 399 1577 insidias
418 1522 570 1578 tendentes
588 1525 622 1577 ut
639 1521 833 1576 interficerent
849 1536 915 1573 eum
929 1520 959 1573 in
974 1520 1029 1574 via

244 1604 385 1659 tFestus
414 1608 510 1658 autem
538 1602 687 1672 respondit
714 1601 823 1655 servari
851 1600 973 1655 Paulum
1000 1601 1029 1653 in

282 1685 442 1739 Caesarea:
473 1701 505 1738 se
533 1688 629 1737 autem
657 1682 796 1736 maturius
823 1680 1029 1749 profecturum.

246 1769 262 1818 ὅ
282 1765 336 1834 Qui
355 1782 422 1833 ergo
442 1764 470 1817 in
487 1764 569 1819 vobis
587 1764 651 1830 (ait)
669 1766 802 1831 potentes
816 1763 892 1827 sunt,
912 1760 1029 1816 descen·

282 1846 382 1899 dentes
402 1845 494 1912 simul,
518 1845 542 1898 si
562 1843 639 1913 quod
657 1847 702 1898 est
719 1843 749 1896 in
768 1842 828 1896 viro
848 1841 967 1909 crimen,
985 1858 1025 1895 ac-

85 1948 146 1989 ono,
159 1948 217 1989 opo.
246 1931 262 1978 6
282 1929 383 1980 cusent
398 1941 470 1979 eum.
526 1924 698 1978 Demoratus
713 1927 810 1977 autem
820 1923 896 1977 inter
908 1938 959 1977 eos
970 1922 1026 1977 dies

282 2023 337 2060 non
355 2006 476 2074 amplius
494 2006 579 2074 qnam
597 2007 670 2071 octo,
689 2007 740 2057 eut
755 2002 862 2070 decem,
881 2001 1030 2058 descendit

283 2087 467 2152 Caesaream,
494 2089 523 2141 et
547 2086 638 2139 altera
656 2084 702 2138 die
720 2084 796 2138 sedit
814 2100 866 2152 pro
884 2081 1030 2146 tribunali,

247 2172 262 2221 7
283 2171 311 2221 et
329 2166 414 2220 iussit
431 2166 552 2220 Paulum
572 2164 684 2220 adduci.
717 2164 772 2233 Qui
791 2180 855 2217 cum
873 2163 1032 2232 perductus

283 2250 368 2313 esset,
388 2246 639 2300 circumsteterunt
653 2261 726 2312 eum,
743 2245 793 2313 qui
806 2244 843 2297 ab
858 2244 1033 2312 lerosolyma

283 2325 490 2381 descenderant
503 2326 610 2392 Iudaei,
628 2326 742 2391 multas,
762 2328 791 2379 et
807 2340 910 2393 graves
926 2340 1032 2379 causas

247 2413 263 2461 8
283 2408 458 2475 obiicientes,
476 2424 547 2475 quas
560 2423 619 2461 non
634 2408 769 2474 poterant
783 2398 913 2474 probare,
925 2405 930 2443 ¹
941 2404 1032 2459 Paulo

282 2490 422 2542 rationem
443 2487 593 2542 reddente:
620 2486 760 2555 Quoniam
779 2501 872 2554 neque
891 2484 919 2538 in
939 2486 1032 2553 legem

282 2568 466 2635 ludaeorum,
502 2584 595 2637 neque
627 2568 656 2620 in
688 2567 842 2635 templum,
876 2581 970 2634 neque
1002 2565 1031 2618 in

160 2670 217 2713 apr.
247 2648 436 2703 thaesarem
460 2648 615 2717 quidquam
640 2647 766 2715 peccavi.
804 2646 909 2701 Festus
933 2649 1033 2699 autem

283 2730 380 2783 volens
433 2730 555 2797 gratiam
608 2731 755 2796 praestare
805 2726 934 2793 ludaeiS,
988 2742 1032 2779 rc-

336 2886 361 2923 25
376 2879 432 2935 w
449 2879 581 2924 accersiam

336 2950 362 2985 26
376 2954 438 2996 sper.
455 2943 511 2995 quia
536 2944 539 2995 Ι
566 2941 629 2985 -ci
653 2943 656 2994 l
683 2941 739 2996 w
754 2942 892 2985 accersiens

336 3012 362 3047 27
375 3004 482 3058 porcium

337 3066 396 3121 25‚3
411 3088 434 3099 -
449 3066 474 3109 in
490 3068 515 3109 1⁰
535 3068 537 3119 l
558 3067 744 3117 >eumintert
793 3066 918 3119 Quem.
933 3064 1030 3116 quidem

336 3130 435 3183 spaulo
451 3131 531 3171 autem
604 3137 616 3168 n
632 3132 654 3177 >
670 3128 764 3172 iudaeis
779 3131 842 3181 grat..
857 3128 947 3181 preest.

625 3207 666 3250 378
