2275 3434
159 247 291 301 apparatus
310 246 341 290 ad
360 245 545 300 praecedentem
563 245 603 288 vel
622 247 762 298 mouentem
780 245 897 299 paginam
914 254 1013 298 repone-

158 318 231 362 batur
244 321 277 370 (er
288 329 311 371 p.
323 317 395 369 13.lt;
409 316 471 360 teu
479 321 527 370 eui,
543 320 586 360 aut
596 339 621 347 —
630 317 657 360 in
671 316 806 370 posteriore
819 318 889 369 parte
897 339 923 346 —
933 315 1013 359 lineae

158 392 239 434 textus
254 389 474 443 comprimebantur
488 393 521 441 (cs
532 401 555 443 p.
563 389 621 442 aab),
636 391 680 433 ant
692 389 738 434 boo
748 390 773 432 et
781 388 841 432 illud
851 388 903 432 deri
912 398 1013 432 necesso

158 463 212 504 erut
226 471 258 514 lp.
268 461 380 506 tritior.

212 532 314 585 Reliqua
328 543 370 586 per
384 543 411 576 se
425 531 493 576 clara
507 534 585 575 erunt.

211 604 233 656 9)
248 603 318 648 Prius
332 614 403 657 quam
417 602 487 646 linem
502 602 599 654 taciem.
609 602 779 646 Protestautee
792 613 887 656 moneo,
900 603 1014 647 versione

159 674 247 719 Latina
262 685 312 718 nou
325 675 395 718 modo
411 674 548 718 adtentum
563 674 681 718 Graecum
693 677 760 718 recte
776 674 971 720 constituendum
988 678 1012 718 et

158 745 350 800 intellegendum
369 745 412 790 sed
432 746 507 789 etiam
525 745 556 789 ad
575 746 713 789 versionem
726 745 824 790 Lutberl
841 749 909 790 reete
927 746 1013 790 diiudi-

159 817 262 862 candum
285 817 405 862 neminem
428 827 511 862 carere
534 827 616 869 posse.
650 817 673 861 J.
693 818 721 861 Δ.
740 818 882 870 Beugelium
905 817 1014 871 exempla

158 887 265 932 locorum
283 887 421 942 collegisse,
439 887 481 932 ubi
495 887 613 931 Lutberus
630 880 659 932 “e
674 887 779 942 Vulgata
796 889 836 933 vel
853 891 882 932 ut
895 879 1014 941 Vulgata‘’

159 959 267 1013 verterit,
283 958 305 1002 in
320 958 403 1003 libello
418 970 470 1002 meo
478 951 509 1003 ‘u
518 961 546 1002 Δ.
555 959 648 1013 Bangel
662 960 699 1004 als
710 953 841 1006 Gelebrtar'
852 960 922 1014 (1893,
932 971 956 1014 p.
964 959 1012 1010 239)

159 1031 241 1082 docui;
263 1042 335 1074 unum
356 1031 489 1085 exemplum
509 1032 543 1075 lbi
565 1031 666 1076 allatum
684 1033 810 1088 (Lc15,30)
830 1044 879 1076 uon
897 1032 969 1076 modo
987 1033 1013 1075 in

159 1103 296 1153 liutherum.
314 1102 357 1146 sed
372 1113 385 1144 e
399 1102 504 1146 Lutbero
517 1103 542 1146 in
557 1103 706 1150 novissimae
720 1106 855 1158 versiones,
870 1116 885 1146 a
899 1106 924 1148 G.
934 1103 1013 1146 weiz-

159 1174 248 1218 stoker
261 1173 389 1225 (editiones
404 1173 504 1228 priores)
521 1177 545 1218 et
559 1177 584 1218 C.
597 1176 673 1229 suge
687 1177 828 1222 elaboratas
842 1176 949 1220 transiit.

213 1245 257 1296 Qut
278 1245 429 1288 accuratiora
447 1245 476 1288 ds
496 1248 607 1290 versione
621 1247 712 1291 Latina
729 1248 823 1293 discere
841 1247 920 1301 cupit,
940 1247 1014 1290 adeat

160 1315 342 1370 prolegomena,
353 1316 439 1369 quibus
450 1318 474 1361 c.
483 1318 510 1360 R.
520 1319 630 1373 Gregory
638 1319 745 1364 leel-tlt
756 1318 889 1363 editionem
898 1318 1013 1366 Tisoben-

160 1389 294 1432 dorllanam
314 1388 423 1432 criticam
441 1390 556 1434 maiorem
576 1392 719 1446 complevit,
739 1392 778 1434 vel
802 1390 910 1435 eiusdem
931 1390 1014 1443 „Text-

159 1461 235 1504 kritik
249 1460 291 1504 des
302 1471 379 1504 neuen
389 1461 574 1508 Testamentes¹‘
589 1464 696 1518 (Lipsiae
707 1462 767 1517 1900,
776 1463 823 1514 02);
838 1463 1014 1516 praelationem

160 1535 185 1576 et
199 1531 319 1586 epilogum
333 1532 448 1578 editionis
461 1535 510 1589 Μ
532 1535 640 1580 libellum
658 1546 737 1578 meum
750 1534 915 1588 „Emrubmng
928 1535 954 1578 in
968 1535 1013 1577 das

160 1603 310 1657 griechiecbe
325 1605 388 1648 Neue
402 1605 545 1650 Testamcnt
559 1607 606 1657 (ed.
620 1607 649 1661 2,
665 1606 797 1659 Gottingee
811 1605 889 1659 1899);
910 1617 971 1658 quae
988 1605 1014 1648 iu

160 1675 281 1720 volumine
294 1676 367 1720 tertio
379 1677 494 1723 editionis
504 1679 592 1724 tertiae
603 1677 810 1731 Enoyelopaedlae
819 1676 1014 1722 Protestantioae

159 1746 317 1792 Fritzscbium
332 1755 429 1794 secutus
444 1750 474 1794 de
487 1750 533 1794 bac
543 1751 656 1794 versione
668 1749 754 1803 scripsi
770 1753 887 1800 (seorsum
897 1749 965 1792 edita
975 1749 1012 1792 in:

167 1818 252 1862 Urtext
266 1819 314 1864 und
325 1808 526 1875 iibersetzuugen
541 1821 584 1866 der
597 1812 695 1872 Bibel‘);
713 1820 743 1864 de
758 1821 864 1864 editlona
878 1820 973 1864 sixtina
989 1823 1014 1863 et

160 1889 321 1934 clementina:
334 1883 388 1936 ‘liin
399 1893 537 1938 Jubilaeum
551 1892 594 1936 der
606 1891 768 1936 lateiniseben
778 1891 848 1936 Bibel
862 1892 923 1934 Zurn
934 1891 955 1934 e.
966 1892 1013 1934 No·

159 1954 333 2006 vember189‘l'
356 1964 388 2014 (in
409 1964 471 2008 libro
492 1975 560 2008 meo:
579 1956 749 2017 ‘Marginalien
766 1963 816 2008 und
832 1954 1013 2013 Materialien‘];

160 2033 218 2077 item
232 2044 293 2086 quae
307 2034 335 2078 Η.
346 2035 367 2079 J.
378 2036 458 2080 Wbite
472 2036 535 2089 apud
546 2035 674 2088 Hastings’
685 2027 835 2089 ‘Dictiouury
849 2035 875 2079 oi
887 2034 929 2078 the
938 2026 1013 2078 Bible'

159 2103 198 2159 lv,
207 2105 314 2150 ele-890
327 2107 456 2156 disseruit:
472 2108 659 2152 commentarios
671 2110 697 2151 et
706 2107 899 2151 introductiones
910 2105 1013 2150 biblicus

160 2177 349 2223 Protestentium
364 2183 388 2223 et
403 2179 581 2224 catholicorum
595 2203 621 2210 -
635 2180 678 2223 aed
693 2181 764 2224 oaute
778 2179 816 2222 bia
830 2178 940 2222 tontibus
954 2178 1014 2221 deri-

160 2251 224 2294 vatis
245 2251 359 2296 utendum
379 2256 419 2296 est
435 2265 474 2306 —;
498 2252 523 2296 in
544 2252 627 2306 primis
646 2263 707 2306 quae
727 2251 825 2295 Samuel
838 2251 962 2303 Berger
982 2250 1014 2293 ad

160 2321 287 2366 historiam
301 2323 370 2368 huius
385 2325 504 2368 versionis
520 2324 689 2368 elucidandam
704 2322 845 2366 contribuit.
918 2337 921 2341 ²

213 2394 337 2448 Subiungo
354 2395 495 2449 Hieronymi
508 2395 645 2450 Epistulam
664 2394 695 2437 ed
714 2395 845 2437 Damasum
863 2404 917 2437 cum
935 2393 1015 2446 expla-

159 2465 259 2509 natione
281 2466 415 2510 sectionum
437 2466 630 2510 Eusebianarum
652 2470 689 2516 (ex
705 2464 815 2520 amati
837 2468 862 2508 et
880 2465 1016 2519 Epistulam

160 2537 190 2580 ad
205 2536 367 2582 Laodiceuses
383 2549 444 2592 quoe
460 2538 485 2582 in
500 2540 525 2578 F
538 2539 596 2590 post
611 2536 660 2579 Col,
678 2537 758 2580 locum
776 2536 864 2590 hebet,
884 2537 1016 2580 secuudum

159 2609 325 2654 recensionem
333 2610 363 2653 ab
371 2610 393 2654 J.
401 2609 432 2654 Li
440 2609 560 2663 gbtioot
571 2608 1016 2662 constitutamquamddHarnack

160 2682 229 2733 apud
241 2681 435 2735 Lietzmann‚
450 2673 545 2724 ‘Kleiue
560 2672 641 2724 Texte'
660 2691 693 2724 no
712 2679 738 2724 12
751 2681 850 2734 repetiit
864 2692 918 2725 cum
931 2679 1015 2725 lectio·

160 2752 232 2796 nibus
246 2753 338 2797 codicis
353 2755 377 2793 b·
393 2753 418 2796 in
432 2751 543 2804 margine
557 2751 653 2805 positis.

195 2836 199 2844 ·
213 2824 300 2868 Restat
314 2826 341 2867 ut
355 2823 469 2867 societati
478 2823 595 2878 Biblicae‚
610 2835 672 2877 quae
685 2824 748 2868 bauo
763 2823 895 2868 editionem
903 2823 1016 2866 Latinam

161 2894 267 2938 Graecae
278 2894 413 2938 addendam
422 2894 536 2948 suscepit,
544 2895 639 2950 gratias
647 2907 720 2951 agam
728 2906 799 2949 quam
806 2895 934 2948 maximae,
942 2895 1016 2938 lectu·

159 2965 194 3008 ria
205 2968 286 3008 autem
295 2968 405 3019 exoptem
415 2968 442 3010 ut
451 2977 522 3019 quem
535 2966 701 3020 plenissimum
715 2978 744 3010 en
756 2979 783 3012 eo
793 2967 897 3011 fructum
908 2967 1015 3020 capiant.

214 3045 430 3090 llaulbronnae
450 3046 668 3092 d.15.Jnli11906.

771 3130 820 3182 En.
841 3128 961 3182 Nessus.

565 3198 610 3246 xil
