2275 3434
228 140 388 208 ,23,7-20.
485 140 684 195 SECVNDVM
708 139 840 193 LVCAM.

299 301 376 355 latus
403 304 499 355 autem
523 300 643 354 audiens
662 300 833 368 Galilaeam‚
860 301 1057 371 interrogavit

199 403 235 441 ar.
264 386 279 435 7
300 381 324 435 si
343 381 427 436 homo
443 381 588 435 Galilaeus
606 384 692 435 esset.
725 381 761 434 Et
774 384 808 435 ut
821 382 959 449 cognovit
972 383 1056 451 quod

300 460 334 515 de
353 460 475 515 Herodis
501 464 648 529 potestate
673 464 766 528 esset,
792 461 903 516 remisit
926 479 997 516 eum
1018 463 1056 517 ad

298 540 455 608 Herodem,
481 541 529 610 qui
555 546 584 595 et
609 542 672 610 ipse
696 541 877 610 ierosolymis
903 546 969 597 erat
997 544 1054 597 illis

197 646 233 684 ss.
262 626 279 675 8
298 620 407 676 diebus,
440 621 569 675 Herodes
589 625 685 676 autem
699 621 761 676 viso
775 622 849 688 Iesu,
868 622 992 691 gavisus
1009 629 1053 677 est

297 701 388 756 valde.
426 706 489 757 erat
514 702 590 756 enim
613 702 731 771 cupiens
755 718 790 756 ex
808 703 898 757 multo
918 706 1052 772 tempore

296 782 393 837 videre
419 799 499 850 eum,
525 799 558 837 eo
584 782 661 851 quod
685 782 816 837 audierat
838 783 930 837 multa
950 783 988 838 de
1010 802 1054 850 eo,

297 866 325 917 et
345 863 482 931 sperabat
501 864 614 933 signum
634 862 750 931 aliquod
763 862 860 917 videre
875 863 911 916 ab
926 880 963 919 eo
978 865 1054 919 fieri.

260 944 495 1014 tllnterrogabat
520 947 617 999 autem
643 960 707 998 eum
733 943 830 998 multis
856 945 1053 999 sermonibus

243 1028 276 1079 10
295 1024 333 1078 At
351 1024 413 1093 ipse
428 1025 498 1079 nihil
516 1025 556 1079 illi
572 1023 774 1093 respondebat.
791 1023 934 1079 'Stabant
948 1020 1087 1100 autemss*

295 1104 438 1175 principes
465 1105 662 1172 sacerdotum,
688 1108 718 1159 et
736 1104 854 1159 Scribas
878 1109 1054 1160 constanter

242 1188 274 1239 11
295 1190 465 1240 accusantes
481 1202 553 1240 eum.
581 1185 696 1254 Sprevit
711 1188 809 1240 autem
822 1186 900 1239 illum
914 1185 1052 1240 Herodes
1062 1183 1086 1262 {J

295 1281 359 1318 cum
387 1266 514 1320 exercitu
539 1282 606 1320 suo:
637 1268 667 1319 et
689 1265 780 1319 illusit
805 1264 937 1321 indutum
964 1271 1053 1321 veste

242 1348 275 1399 12
294 1344 375 1412 alba,
402 1349 431 1399 et
456 1345 566 1400 remisit
593 1345 630 1399 ad
648 1345 780 1399 Pilatum.
817 1345 855 1399 Et
880 1344 951 1399 faeti
978 1352 1052 1401 sunt

294 1424 377 1478 aurici
400 1424 529 1480 Herodes
554 1429 585 1479 et
608 1426 719 1480 Pilatus
744 1425 774 1478 in
799 1425 863 1494 ipsa
889 1424 949 1479 die:
978 1443 1050 1480 nam

200 1530 205 1545 ·
241 1510 274 1561 13
294 1508 379 1559 antea
393 1505 499 1559 inimici
514 1510 597 1560 erant
612 1504 787 1560 adinvicem.
825 1506 935 1560 Pilatus
945 1504 1083 1582 autemss’?

293 1586 458 1640 convocatis
468 1586 646 1655 principibus
654 1585 845 1652 sacerdotum,
855 1586 1046 1655 etmagistra·

122 1686 159 1721 nr
170 1690 228 1731 ean.
240 1670 274 1721 14
293 1666 379 1733 tibus
399 1671 428 1721 et
446 1667 537 1736 plebe,
550 1668 554 1705 ¹
566 1666 639 1721 dixit
658 1666 694 1721 ad
708 1666 783 1721 illos:
804 1665 958 1721 Obtulistis
972 1667 1043 1721 milri

293 1747 368 1801 hunc
384 1747 536 1813 hominem,
557 1747 641 1816 quasi
655 1750 834 1802 avertentem
847 1747 993 1816 populum,
1009 1751 1039 1799 et
1114 1783 1116 1818 ÷

293 1843 359 1881 ecce
389 1845 442 1897 ego
471 1844 568 1883 coram
595 1828 678 1881 vobis
705 1827 902 1896 interrogem,
934 1828 1041 1881 nullam
1114 1825 1116 1834 '

292 1925 409 1962 causam
442 1907 537 1962 inveni
568 1908 599 1961 in
629 1908 743 1963 homine
770 1908 827 1962 isto
856 1924 891 1961 ex
919 1907 982 1975 hia,
1013 1908 1044 1961 in

239 1991 272 2042 15
292 1988 396 2057 quibus
422 2004 487 2044 eum
514 1989 668 2043 accusatis.
705 1987 762 2042 Sed
785 2004 877 2057 neque
896 1984 1079 2063 Herodeszff}

291 2086 358 2123 nam
395 2069 492 2124 remisi
524 2086 577 2124 vos
612 2069 649 2123 ad
681 2069 775 2137 illum,
813 2073 842 2123 et
874 2085 940 2123 ecce
973 2068 1046 2123 nihil

238 2152 271 2203 16
291 2148 408 2217 dignum
440 2153 532 2206 morte
566 2153 662 2205 actum
694 2154 739 2203 est
772 2150 806 2204 ei.
849 2145 1079 2213 Εηιθηάαῒυῃῑῗῗ

238 2234 270 2284 17
292 2246 358 2299 ergo
387 2230 465 2284 illum
491 2230 643 2294 dimittam.
681 2230 805 2290 Necesse
831 2233 928 2284 autem
954 2229 1046 2283 hahe-

290 2310 342 2364 bat
369 2309 513 2365 dimittere
541 2311 584 2365 eis
611 2327 663 2379 per
691 2310 765 2365 diem
794 2310 916 2376 festum,
944 2327 1044 2364 unum.

238 2394 271 2445 18
289 2389 468 2445 Exclamavit
511 2395 608 2445 autem
650 2392 734 2445 simul
775 2391 911 2445 universa
946 2388 1079 2465 turba‚³{⁰

290 2470 403 2525 dicens:
431 2472 510 2525 Tolle
532 2472 622 2538 hunc,
648 2475 678 2525 et
701 2465 813 2526 dimitte
831 2470 914 2525 nobis
933 2470 1045 2526 Barab-

238 2554 270 2604 19
289 2550 371 2617 bam,
416 2552 464 2621 qui
502 2557 564 2607 erat
597 2556 716 2621 propter
749 2550 919 2605 seditionem
952 2569 1045 2619 quan-

253 2644 256 2655 ’
290 2629 355 2685 dam
383 2633 491 2687 factam
515 2634 544 2687 in
564 2633 681 2687 civitate
700 2636 730 2686 et
748 2631 946 2696 homicidium,
973 2633 1045 2686 mis-

236 2716 271 2766 20
290 2728 339 2765 sus
379 2713 408 2767 in
446 2730 597 2767 carcerem.
652 2714 759 2767 Iterum
796 2716 892 2766 autem
928 2711 1045 2765 Pilatus
1055 2709 1081 2788 3¹¹3

289 2793 401 2848 locutus
426 2797 471 2847 est
495 2794 531 2847 ad
555 2811 621 2861 eos,
646 2794 745 2847 volens
771 2792 914 2847 dimittere
936 2791 1042 2845 lesum.

342 2952 464 2995 sandrat
490 2954 492 3005 Ι
518 2954 547 2996 de
561 2953 605 2997 ilio
887 3003 891 3009 ,

342 3006 418 3048 aaut.
433 3004 499 3049 illum
582 3015 608 3049 ro
622 3009 671 3050 aut.
687 3011 695 3056 ]
711 3006 785 3049 etiam

344 3065 369 3098 ra
383 3058 513 3101 barabban

344 3118 369 3151 ao
384 3111 414 3153 ad
429 3111 486 3155 illos

634 3191 675 3233 222
