2275 3434
238 166 379 235 &la-30.
444 166 563 223 ACTVS
586 164 868 223 APOSTOLORVM.

239 331 271 383 19
292 328 422 383 ¹dicens:
449 328 523 383 Date
547 332 576 383 et
600 328 669 383 mihi
690 329 764 383 hanc
789 331 982 398 potestatem,
1008 330 1038 381 ut

291 409 460 478 cuicumque
483 409 645 478 imposuero
664 426 781 477 manus,
807 408 933 478 accipiat
952 407 1039 477 Spiri-

237 492 271 542 20
291 492 352 544 tum
378 493 520 545 sanctum.
557 490 660 544 Petrus
687 494 783 544 autem
806 489 879 544 dixit
902 488 1040 543 adeum:

290 570 416 625 Pecunia
440 574 492 624 tua
515 572 612 625 tecum
636 570 674 625 sit
693 572 722 624 in
740 569 944 639 perditionem:
972 586 1041 639 quo·

291 651 367 705 niam
393 650 499 705 donum
523 650 578 704 Dei
603 651 776 705 existimasti
801 650 924 720 pecunia
948 650 1041 719 possi·

131 752 224 810 aaran.
237 733 269 783 21
291 732 359 786 deri.
396 731 459 786 Non
485 736 530 786 est
553 732 607 786 tibi
629 749 714 801 pars,
739 748 832 801 neque
851 748 914 786 sors
933 732 964 785 in
983 748 1040 785 ser-

164 798 225 837 Μ’
291 828 374 867 mone
400 812 464 866 isto.
499 829 546 867 cor
572 812 648 867 enim
673 817 755 867 tuum
780 830 837 866 non
860 815 906 866 est
929 817 1042 867 rectum

237 896 271 945 22
292 910 387 947 coram
405 893 474 947 Deo.
509 893 720 948 Poenitentiam
738 894 836 963 itaque
855 910 909 961 age
929 893 967 947 ab
986 894 1043 947 hac

290 974 419 1043 nequitia
443 977 508 1027 tua:
535 977 565 1028 et
583 990 654 1042 roga
672 974 780 1042 Deum,
805 974 831 1027 si
850 974 926 1028 forte
945 974 1043 1029 remit-

131 1057 271 1117 mn,1s.23
291 1056 370 1108 tatur
395 1054 447 1108 tibi
474 1054 545 1108 haec
566 1054 703 1123 cogitatio
722 1053 816 1108 cordis
834 1053 885 1108 tui.
923 1053 956 1108 ln
975 1054 1042 1108 felle

138 1124 226 1209 §³32¹ssss
291 1134 366 1189 enim
392 1133 606 1201 amaritudiniS,
632 1137 662 1189 et
684 1134 859 1204 obligatione
877 1134 1042 1204 iniquitatis

236 1218 272 1269 24
290 1213 373 1269 video
388 1218 417 1269 tc
433 1231 504 1269 esse.
524 1214 712 1284 Respondens
724 1219 821 1270 autem
831 1214 940 1282 Simon,
955 1215 1041 1270 dixit:

290 1294 449 1349 Precamini
468 1312 520 1350 vos
539 1313 591 1365 pro
610 1313 655 1351 me
675 1295 711 1349 ad
730 1296 897 1362 Dominum,
917 1299 953 1350 ut
971 1296 1040 1350 nihil

236 1378 270 1429 25
290 1375 388 1430 veniat
407 1392 493 1445 super
511 1393 557 1431 me
576 1377 690 1443 horum,
714 1392 788 1446 quae
807 1376 930 1430 dixistis,
1004 1376 1041 1431 Et

290 1456 328 1509 illi
343 1454 457 1524 quidem
471 1456 628 1523 testificati,
643 1458 673 1511 et
687 1456 773 1511 locuti
789 1457 904 1511 verbum
915 1456 1042 1523 Domini,

290 1535 421 1590 redibant
447 1536 663 1605 lerosolymam,
693 1540 722 1591 et
749 1537 846 1591 multis
873 1536 1042 1605 regionibus

291 1615 536 1670 Samaritanorum
555 1617 801 1685 evangelizabant.

236 1701 270 1751 26
361 1697 486 1765 Angelus
520 1703 616 1751 autem
645 1697 759 1751 Domini
787 1698 900 1751 locutus
928 1701 976 1752 est
1004 1697 1078 1752 adai
1134 1679 1136 1694 Ι

290 1776 460 1845 Philippum,
476 1776 586 1831 dicens:
603 1777 703 1847 Surge,
715 1782 745 1833 et
758 1776 832 1832 vade
845 1782 947 1832 contra
958 1778 1042 1832 meri·

290 1856 406 1911 dianum
426 1856 463 1911 ad
477 1858 561 1923 viam,
582 1875 655 1927 quae
671 1857 819 1912 descendit
833 1858 870 1912 ab
885 1858 1043 1913 ierusalem

118 1960 138 1993 n
149 1962 224 2001 scs-r.
236 1942 269 1993 27
290 1936 319 1991 in
335 1936 456 1991 Gazam:
474 1937 546 1992 haee
561 1942 606 1992 est
621 1937 744 1992 deserta.
772 1938 809 1993 Et
823 1953 945 2007 surgens
960 1939 1041 1993 abiit.

132 2004 156 2038 Ρ·
167 2007 225 2047 ⁰⁸¹⁸²·
290 2017 326 2071 Et
336 2033 402 2071 ecoe
411 2018 606 2087 virAethiopS,
617 2018 773 2086 eunuchuS,
783 2023 886 2087 potens
895 2018 1040 2073 Candacis

289 2097 415 2166 Reginae
423 2098 603 2167 Aethiopum,
614 2098 662 2167 qui
672 2103 734 2153 erat
744 2115 831 2168 super
840 2114 939 2153 omnes
949 2114 1041 2168 gazas

236 2181 270 2231 28
290 2177 363 2231 eius:
379 2181 497 2233 venerat
507 2178 627 2232 adorare
637 2177 666 2231 in
676 2178 842 2232 Ierusalem:
854 2179 860 2217 ¹
870 2181 900 2232 et
914 2181 1041 2232 reverte·

289 2256 375 2310 batur
397 2256 501 2312 sedens
523 2274 610 2326 super
630 2274 743 2312 currum
762 2275 858 2324 suum,
882 2258 1041 2327 legensque

235 2344 269 2394 29
289 2338 393 2391 isaiam
411 2338 590 2407 prophetam.
619 2337 699 2392 Dixit
718 2343 814 2393 autem
833 2337 959 2407 Spiritus
974 2338 1041 2391 Phi-

288 2418 379 2487 lippo:
398 2418 518 2486 Accede,
536 2423 565 2473 et
580 2418 704 2487 adiunge
718 2423 747 2474 te
762 2418 799 2472 ad
814 2435 926 2472 currum
941 2417 1040 2472 istum.
1131 2463 1132 2468 ,

235 2506 270 2556 30
288 2499 456 2552 Accurrens
485 2502 581 2553 autem
618 2498 782 2567 Philippusi,
826 2497 936 2551 audivit
973 2514 1040 2551 eum

316 2710 502 2717 ..n-...d--u-

342 2882 368 2919 20
383 2875 415 2927 (o
430 2880 471 2919 inc.
485 2891 503 2920 v.
518 2876 632 2928 Pecunia)

342 2962 368 2999 25
381 2956 509 3001 rediebant

342 3042 369 3079 28
384 3040 406 3087 >
422 3037 505 3090 proph.
522 3038 616 3081 esaiam
