2275 3434
229 134 389 201 ‘HQ-29.
436 134 556 189 ACTVS
580 133 861 190 APOS'I'OLORVM.

283 312 350 349 cess
376 313 394 349 s
416 295 513 364 Moyse
539 311 652 361 eorum,
677 294 726 363 qui
752 311 803 364 per
822 295 931 350 Gentes
956 300 1035 364 sunt,

282 375 465 431 Iudaeorum:
495 375 594 429 dicens
621 392 678 429 non
706 374 811 429 debere
838 392 889 431 eos
914 376 1036 430 circnm-

282 455 377 509 cidere
395 455 468 510 filios
488 472 569 522 suos,
593 471 686 525 neque
704 454 862 509 secundum
879 459 1036 510 consuetu-

229 540 264 589 22
283 534 377 589 dinem
396 535 515 604 ingredi.
544 534 619 605 Quid
636 552 704 604 ergo
719 536 784 590 est?
803 535 904 605 utique
918 540 1037 605 oportet

283 616 434 671 convenire
444 616 667 671 multitudinem:
680 616 799 671 audient
807 616 885 671 enim
894 620 924 671 te
934 634 1035 685 supcr-

229 700 263 749 ‘23
283 696 404 751 venisse.
430 696 492 751 Hoc
506 712 574 765 ergo
589 696 637 750 fac
650 695 727 765 quod
741 696 794 751 tibi
809 695 944 751 dicimus:
961 696 1034 751 Sunt

86 838 88 847 ‚
282 776 365 831 nohis
393 776 446 830 viri
471 780 623 845 quattuor,
651 780 749 831 votum
776 776 919 831 habentes
946 794 1034 847 super

162 878 217 919 mo.
229 860 264 910 24
282 872 322 910 se.
356 856 408 910 His
428 856 595 926 assumptis,
613 857 810 911 sanctificate
828 857 986 932 cumillis:
1005 863 1034 911 et

283 935 414 1006 impende
439 937 469 991 in
493 936 548 991 illis
575 941 608 991 ut
631 937 735 991 radant
753 937 864 1006 capitas
890 941 922 991 et
940 938 1035 992 scient

282 1033 381 1071 omnes
401 1018 467 1085 quia
487 1032 560 1086 quae
580 1015 615 1070 de
633 1019 663 1071 te
682 1016 841 1084 audienmt,
860 1016 937 1074 falsa
956 1021 1035 1085 sunt,

132 1096 334 1160 1s‚so.so.25sed
360 1098 490 1152 ambulas
516 1099 546 1151 et
572 1096 634 1165 ipse
660 1096 825 1151 custodiens
850 1098 952 1166 legem.
990 1097 1035 1151 De

282 1177 327 1231 his
346 1181 456 1244 autem,
481 1177 530 1246 qui
549 1176 732 1233 crediderunt
749 1194 786 1231 ex
804 1177 961 1244 GentibuS,
979 1195 1035 1233 nos

283 1257 464 1327 scripsimus,
492 1256 653 1311 iudicantes
682 1261 715 1311 ut
742 1258 908 1312 abstineant
934 1275 969 1313 se
995 1258 1034 1312 ab

282 1336 374 1404 idolis,
394 1338 549 1405 immolat0,
569 1342 598 1393 et
617 1337 765 1406 sanguine,
784 1341 813 1391 et
831 1336 985 1405 suffocato,
1004 1342 1034 1393 et

100 1438 129 1471 iu
142 1423 263 1478 assuto
283 1418 478 1472 fornicatione.
515 1418 597 1473 Tunc
621 1419 744 1484 PauluS‚
769 1418 926 1486 assumptis
952 1401 1067 1501 virisffi

79 1484 219 1571 ιῃξξξῶξῖἓζ
282 1501 399 1566 postera
424 1498 469 1553 die
494 1500 663 1568 punficatus
689 1515 754 1553 oum
778 1497 832 1552 illis
857 1498 980 1553 intravit
1003 1500 1033 1553 in
1126 1523 1128 1580 ς

282 1578 435 1647 templum,
480 1580 658 1633 annuncians
695 1578 886 1647 expletionem
923 1578 1036 1633 dierum
1126 1599 1128 1620 ι

282 1658 497 1727 purificationis
516 1659 608 1713 donec
624 1658 776 1713 offerretur
791 1675 843 1728 pro
860 1674 1035 1730 unoquoque
1126 1623 1128 1726 l

283 1752 380 1793 eorum
398 1738 513 1794 oblatio.

229 1824 262 1875 27
354 1818 428 1873 D‘um
444 1822 540 1874 autem
554 1823 666 1889 septem
680 1820 743 1874 dies
757 1824 1028 1885 consummarentur,

283 1897 323 1964 hi,
347 1899 396 1968 qui
415 1898 450 1954 de
468 1900 539 1955 Asia
557 1904 653 1962 erant,
672 1900 783 1967 ludaei,
806 1915 872 1953 cuin
889 1899 1030 1955 vidissent
1126 1933 1128 1936 -

282 1994 347 2033 eum
362 1979 390 2033 in
405 1980 520 2049 templo,
535 1980 753 2035 concitaverunt
761 1996 875 2035 omnem
884 1982 1032 2049 populum,
1126 2005 1128 2054 g

74 2081 121 2121 an.
133 2082 160 2115 a„
171 2083 217 2124 up.
228 2066 262 2115 28
282 2062 311 2113 et
325 2059 483 2115 iniecerunt
497 2061 523 2115 ei
537 2078 650 2128 manus
662 2062 667 2100 ¹
678 2062 848 2115 clamantes:
868 2059 928 2113 Vin'
942 2060 1034 2115 Israe-
1126 2057 1128 2116 ἶ

281 2140 364 2207 litae,
391 2139 539 2195 adiuvate:
566 2141 613 2196 hic
636 2142 797 2207 esthemo,
823 2140 872 2209 qui
891 2138 1034 2195 adversus
1126 2177 1128 2198 .

281 2220 432 2289 populum,
459 2224 487 2275 et
512 2222 621 2291 legem,
647 2224 676 2276 et
699 2214 793 2275 locum
816 2221 905 2288 hunc,
931 2238 1033 2275 omnes
1126 2217 1128 2360 Ι

281 2300 386 2370 ubique
416 2300 536 2369 docens,
564 2302 682 2371 insuper
708 2304 738 2356 et
763 2301 892 2355 Gentiles
917 2300 1034 2355 induxit

281 2380 310 2435 in
352 2382 504 2450 templum,
545 2385 576 2437 et
611 2381 730 2437 violavit
767 2384 900 2437 sanctum
937 2382 1033 2435 locum

59 2484 105 2526 son.
122 2468 262 2527 sossusstl
281 2461 377 2516 istum.
415 2461 551 2517 Viderant
575 2462 649 2516 enim
669 2460 853 2531 Trophimum
872 2461 1033 2530 Ephesium

281 2540 309 2595 in
342 2540 459 2596 civitate
488 2558 552 2596 cum
580 2542 659 2611 ipso,
691 2557 776 2611 quem
804 2540 1033 2596 aestimaverunt
1126 2561 1128 2616 ᾖ

334 2840 360 2877 25
374 2834 447 2877 idolis
463 2838 495 2886 (-
509 2837 525 2890 ,)

334 2912 360 2948 27
375 2906 426 2955 de]
442 2906 473 2950 ab

334 2984 361 3021 28
375 2977 408 3029 (Θ
422 2984 463 3020 inc.
477 2994 495 3021 v.
510 2977 568 3029 th‘t

335 3056 361 3091 29
375 3047 396 3103 ᾖ
411 3048 580 3103 Throphimum

625 3181 667 3227 368
