<?xml version="1.0" encoding="UTF-8"?>
<!DOCTYPE html PUBLIC "-//W3C//DTD XHTML 1.0 Transitional//EN"
    "http://www.w3.org/TR/xhtml1/DTD/xhtml1-transitional.dtd">
<html xmlns="http://www.w3.org/1999/xhtml" xml:lang="en" lang="en">
 <head>
  <title>
</title>
<meta http-equiv="Content-Type" content="text/html;charset=utf-8" />
  <meta name='ocr-system' content='tesseract 3.04.00' />
  <meta name='ocr-capabilities' content='ocr_page ocr_carea ocr_par ocr_line ocrx_word'/>
</head>
<body>
  <div class='ocr_page' id='page_1' title='image "./novumtestamentu01nestgoog_0169.png"; bbox 0 0 2275 3434; ppageno 0'>
   <div class='ocr_carea' id='block_1_1' title="bbox 297 165 909 240">
    <p class='ocr_par' dir='ltr' id='par_1_1' title="bbox 297 165 909 240">
     <span class='ocr_line' id='line_1_1' title="bbox 297 165 909 240; baseline -0.008 -17"><span class='ocrx_word' id='word_1_1' title='bbox 297 167 498 223; x_wconf 84' lang='lat' dir='ltr'>sucvuovn</span> <span class='ocrx_word' id='word_1_2' title='bbox 522 166 656 222; x_wconf 73' lang='lat' dir='ltr'>trouu.</span> <span class='ocrx_word' id='word_1_3' title='bbox 754 165 909 240; x_wconf 60' lang='lat' dir='ltr'>aro-ar„</span> 
     </span>
    </p>
   </div>
   <div class='ocr_carea' id='block_1_2' title="bbox 88 327 1113 2975">
    <p class='ocr_par' dir='ltr' id='par_1_2' title="bbox 88 327 977 1432">
     <span class='ocr_line' id='line_1_2' title="bbox 88 327 840 401; baseline -0.007 -16"><span class='ocrx_word' id='word_1_4' title='bbox 88 333 218 386; x_wconf 90' lang='lat' dir='ltr'>caelum:</span> <span class='ocrx_word' id='word_1_5' title='bbox 251 334 384 400; x_wconf 89' lang='lat' dir='ltr'>pastores</span> <span class='ocrx_word' id='word_1_6' title='bbox 416 331 609 401; x_wconf 76' lang='lat' dir='ltr'>loquebantur</span> <span class='ocrx_word' id='word_1_7' title='bbox 641 327 677 382; x_wconf 83' lang='lat' dir='ltr'>ad</span> <span class='ocrx_word' id='word_1_8' title='bbox 706 327 840 381; x_wconf 89' lang='lat' dir='ltr'>invicem:</span> 
     </span>
     <span class='ocr_line' id='line_1_3' title="bbox 88 408 841 482; baseline -0.005 -16"><span class='ocrx_word' id='word_1_9' title='bbox 88 413 287 467; x_wconf 85' lang='lat' dir='ltr'><strong>Transeamus</strong></span> <span class='ocrx_word' id='word_1_10' title='bbox 312 429 404 482; x_wconf 90' lang='lat' dir='ltr'>usque</span> <span class='ocrx_word' id='word_1_11' title='bbox 429 411 612 477; x_wconf 82' lang='lat' dir='ltr'>Bethlehem,</span> <span class='ocrx_word' id='word_1_12' title='bbox 639 412 668 463; x_wconf 89' lang='lat' dir='ltr'>et</span> <span class='ocrx_word' id='word_1_13' title='bbox 693 408 841 462; x_wconf 83' lang='lat' dir='ltr'>videamus</span> 
     </span>
     <span class='ocr_line' id='line_1_4' title="bbox 89 489 842 562; baseline -0.008 -15"><span class='ocrx_word' id='word_1_14' title='bbox 89 495 147 548; x_wconf 90' lang='lat' dir='ltr'>hoc</span> <span class='ocrx_word' id='word_1_15' title='bbox 166 494 294 560; x_wconf 88' lang='lat' dir='ltr'>verbum,</span> <span class='ocrx_word' id='word_1_16' title='bbox 313 493 390 562; x_wconf 94' lang='lat' dir='ltr'>quod</span> <span class='ocrx_word' id='word_1_17' title='bbox 409 493 518 547; x_wconf 81' lang='lat' dir='ltr'>iactum</span> <span class='ocrx_word' id='word_1_18' title='bbox 538 494 592 557; x_wconf 87' lang='lat' dir='ltr'>est,</span> <span class='ocrx_word' id='word_1_19' title='bbox 612 489 689 559; x_wconf 89' lang='lat' dir='ltr'>quod</span> <span class='ocrx_word' id='word_1_20' title='bbox 703 489 842 543; x_wconf 86' lang='lat' dir='ltr'>Dominus</span> 
     </span>
     <span class='ocr_line' id='line_1_5' title="bbox 90 569 896 629; baseline -0.011 0"><span class='ocrx_word' id='word_1_21' title='bbox 90 573 221 629; x_wconf 80' lang='lat' dir='ltr'>ostendit</span> <span class='ocrx_word' id='word_1_22' title='bbox 246 574 337 628; x_wconf 85' lang='lat' dir='ltr'>nohis</span> <span class='ocrx_word' id='word_1_23' title='bbox 374 573 411 627; x_wconf 86' lang='lat' dir='ltr'>Et</span> <span class='ocrx_word' id='word_1_24' title='bbox 434 575 575 627; x_wconf 89' lang='lat' dir='ltr'>venerunt</span> <span class='ocrx_word' id='word_1_25' title='bbox 600 569 786 624; x_wconf 82' lang='lat' dir='ltr'>festinantes:</span> <span class='ocrx_word' id='word_1_26' title='bbox 814 573 842 622; x_wconf 86' lang='lat' dir='ltr'>et</span> <span class='ocrx_word' id='word_1_27' title='bbox 864 571 896 620; x_wconf 81' lang='grc'>16</span> 
     </span>
     <span class='ocr_line' id='line_1_6' title="bbox 91 649 842 722; baseline -0.008 -14"><span class='ocrx_word' id='word_1_28' title='bbox 91 656 264 708; x_wconf 89' lang='lat' dir='ltr'>invenerunt</span> <span class='ocrx_word' id='word_1_29' title='bbox 288 655 422 720; x_wconf 83' lang='lat' dir='ltr'>Mariam,</span> <span class='ocrx_word' id='word_1_30' title='bbox 449 658 478 707; x_wconf 87' lang='lat' dir='ltr'>et</span> <span class='ocrx_word' id='word_1_31' title='bbox 502 651 622 722; x_wconf 89' lang='lat' dir='ltr'>Ioseph,</span> <span class='ocrx_word' id='word_1_32' title='bbox 648 654 678 706; x_wconf 90' lang='lat' dir='ltr'>et</span> <span class='ocrx_word' id='word_1_33' title='bbox 702 649 842 704; x_wconf 83' lang='lat' dir='ltr'>infantem</span> 
     </span>
     <span class='ocr_line' id='line_1_7' title="bbox 91 732 977 805; baseline -0.009 -16"><span class='ocrx_word' id='word_1_34' title='bbox 91 735 221 804; x_wconf 85' lang='lat' dir='ltr'>positum</span> <span class='ocrx_word' id='word_1_35' title='bbox 238 736 267 789; x_wconf 93' lang='lat' dir='ltr'>in</span> <span class='ocrx_word' id='word_1_36' title='bbox 285 735 447 805; x_wconf 82' lang='lat' dir='ltr'>praesepio.</span> <span class='ocrx_word' id='word_1_37' title='bbox 475 733 613 787; x_wconf 88' lang='lat' dir='ltr'>Videntes</span> <span class='ocrx_word' id='word_1_38' title='bbox 629 734 725 785; x_wconf 88' lang='lat' dir='ltr'>autem</span> <span class='ocrx_word' id='word_1_39' title='bbox 740 745 843 799; x_wconf 83' lang='lat' dir='ltr'>cogno·</span> <span class='ocrx_word' id='word_1_40' title='bbox 864 732 977 782; x_wconf 72' lang='lat'><strong>1710-12.</strong></span> 
     </span>
     <span class='ocr_line' id='line_1_8' title="bbox 92 809 843 882; baseline -0.011 -12"><span class='ocrx_word' id='word_1_41' title='bbox 92 819 198 870; x_wconf 78' lang='lat' dir='ltr'>verunt</span> <span class='ocrx_word' id='word_1_42' title='bbox 224 815 259 869; x_wconf 91' lang='lat' dir='ltr'>de</span> <span class='ocrx_word' id='word_1_43' title='bbox 285 815 386 881; x_wconf 87' lang='lat' dir='ltr'>verbo,</span> <span class='ocrx_word' id='word_1_44' title='bbox 412 813 488 882; x_wconf 92' lang='lat' dir='ltr'>quod</span> <span class='ocrx_word' id='word_1_45' title='bbox 514 812 623 866; x_wconf 88' lang='lat' dir='ltr'>dictum</span> <span class='ocrx_word' id='word_1_46' title='bbox 649 814 711 865; x_wconf 87' lang='lat' dir='ltr'>erat</span> <span class='ocrx_word' id='word_1_47' title='bbox 734 811 788 864; x_wconf 88' lang='lat' dir='ltr'>illis</span> <span class='ocrx_word' id='word_1_48' title='bbox 808 809 843 863; x_wconf 85' lang='lat' dir='ltr'>de</span> 
     </span>
     <span class='ocr_line' id='line_1_9' title="bbox 92 890 898 966; baseline -0.011 -14"><span class='ocrx_word' id='word_1_49' title='bbox 92 914 184 966; x_wconf 86' lang='lat' dir='ltr'>puero</span> <span class='ocrx_word' id='word_1_50' title='bbox 203 897 265 950; x_wconf 87' lang='lat' dir='ltr'>hoc.</span> <span class='ocrx_word' id='word_1_51' title='bbox 302 896 339 949; x_wconf 89' lang='lat' dir='ltr'>Et</span> <span class='ocrx_word' id='word_1_52' title='bbox 358 910 471 960; x_wconf 69' lang='lat' dir='ltr'>omnm,</span> <span class='ocrx_word' id='word_1_53' title='bbox 497 893 546 962; x_wconf 86' lang='lat' dir='ltr'>qui</span> <span class='ocrx_word' id='word_1_54' title='bbox 565 891 730 957; x_wconf 85' lang='lat' dir='ltr'>audierunt,</span> <span class='ocrx_word' id='word_1_55' title='bbox 749 890 844 944; x_wconf 81' lang='lat' dir='ltr'>mirati</span> <span class='ocrx_word' id='word_1_56' title='bbox 866 893 898 943; x_wconf 90' lang='grc'>18</span> 
     </span>
     <span class='ocr_line' id='line_1_10' title="bbox 94 971 844 1042; baseline -0.009 -12"><span class='ocrx_word' id='word_1_57' title='bbox 94 981 178 1030; x_wconf 86' lang='lat' dir='ltr'>sunt:</span> <span class='ocrx_word' id='word_1_58' title='bbox 199 979 229 1030; x_wconf 89' lang='lat' dir='ltr'>et</span> <span class='ocrx_word' id='word_1_59' title='bbox 247 975 282 1029; x_wconf 93' lang='lat' dir='ltr'>de</span> <span class='ocrx_word' id='word_1_60' title='bbox 296 975 350 1041; x_wconf 86' lang='lat' dir='ltr'>his,</span> <span class='ocrx_word' id='word_1_61' title='bbox 370 990 443 1042; x_wconf 86' lang='lat' dir='ltr'>quae</span> <span class='ocrx_word' id='word_1_62' title='bbox 459 972 536 1027; x_wconf 88' lang='lat' dir='ltr'>dicta</span> <span class='ocrx_word' id='word_1_63' title='bbox 551 977 633 1026; x_wconf 88' lang='lat' dir='ltr'>erant</span> <span class='ocrx_word' id='word_1_64' title='bbox 648 989 665 1025; x_wconf 91' lang='lat' dir='ltr'>a</span> <span class='ocrx_word' id='word_1_65' title='bbox 679 971 844 1040; x_wconf 77' lang='lat' dir='ltr'>pastoribus</span> 
     </span>
     <span class='ocr_line' id='line_1_11' title="bbox 95 1051 937 1124; baseline -0.007 -14"><span class='ocrx_word' id='word_1_66' title='bbox 95 1057 134 1110; x_wconf 86' lang='lat' dir='ltr'>ad</span> <span class='ocrx_word' id='word_1_67' title='bbox 162 1057 249 1124; x_wconf 83' lang='lat' dir='ltr'>ipsos</span> <span class='ocrx_word' id='word_1_68' title='bbox 291 1055 381 1108; x_wconf 87' lang='lat' dir='ltr'>Maria</span> <span class='ocrx_word' id='word_1_69' title='bbox 409 1057 505 1108; x_wconf 89' lang='lat' dir='ltr'>autem</span> <span class='ocrx_word' id='word_1_70' title='bbox 533 1052 725 1106; x_wconf 72' lang='lat' dir='ltr'>conservabat</span> <span class='ocrx_word' id='word_1_71' title='bbox 750 1051 845 1106; x_wconf 90' lang='lat' dir='ltr'>omnia</span> <span class='ocrx_word' id='word_1_72' title='bbox 867 1055 937 1104; x_wconf 76' lang='lat'><strong>1951.</strong></span> 
     </span>
     <span class='ocr_line' id='line_1_12' title="bbox 95 1132 899 1202; baseline -0.007 -13"><span class='ocrx_word' id='word_1_73' title='bbox 95 1136 185 1191; x_wconf 85' lang='lat' dir='ltr'>verba</span> <span class='ocrx_word' id='word_1_74' title='bbox 210 1137 294 1202; x_wconf 85' lang='lat' dir='ltr'>haec,</span> <span class='ocrx_word' id='word_1_75' title='bbox 320 1135 471 1190; x_wconf 87' lang='lat' dir='ltr'>conferens</span> <span class='ocrx_word' id='word_1_76' title='bbox 496 1134 526 1187; x_wconf 91' lang='lat' dir='ltr'>in</span> <span class='ocrx_word' id='word_1_77' title='bbox 545 1132 630 1188; x_wconf 89' lang='lat' dir='ltr'>corde</span> <span class='ocrx_word' id='word_1_78' title='bbox 650 1149 710 1186; x_wconf 84' lang='lat' dir='ltr'>suc.</span> <span class='ocrx_word' id='word_1_79' title='bbox 747 1132 784 1186; x_wconf 82' lang='lat' dir='ltr'>Et</span> <span class='ocrx_word' id='word_1_80' title='bbox 803 1148 844 1185; x_wconf 89' lang='lat' dir='ltr'>re·</span> <span class='ocrx_word' id='word_1_81' title='bbox 864 1135 899 1184; x_wconf 70' lang='lat'>20</span> 
     </span>
     <span class='ocr_line' id='line_1_13' title="bbox 94 1212 844 1285; baseline -0.005 -15"><span class='ocrx_word' id='word_1_82' title='bbox 94 1217 172 1272; x_wconf 78' lang='lat' dir='ltr'>versi</span> <span class='ocrx_word' id='word_1_83' title='bbox 192 1219 260 1270; x_wconf 91' lang='lat' dir='ltr'>sunt</span> <span class='ocrx_word' id='word_1_84' title='bbox 278 1218 411 1285; x_wconf 86' lang='lat' dir='ltr'>pastores</span> <span class='ocrx_word' id='word_1_85' title='bbox 427 1214 629 1284; x_wconf 84' lang='lat' dir='ltr'>glorificantes,</span> <span class='ocrx_word' id='word_1_86' title='bbox 649 1216 679 1267; x_wconf 89' lang='lat' dir='ltr'>et</span> <span class='ocrx_word' id='word_1_87' title='bbox 693 1212 844 1266; x_wconf 89' lang='lat' dir='ltr'>laudantes</span> 
     </span>
     <span class='ocr_line' id='line_1_14' title="bbox 95 1293 845 1364; baseline -0.008 -12"><span class='ocrx_word' id='word_1_88' title='bbox 95 1299 189 1352; x_wconf 91' lang='lat' dir='ltr'>Deum</span> <span class='ocrx_word' id='word_1_89' title='bbox 204 1297 233 1350; x_wconf 92' lang='lat' dir='ltr'>in</span> <span class='ocrx_word' id='word_1_90' title='bbox 248 1296 388 1363; x_wconf 89' lang='lat' dir='ltr'>omnihus,</span> <span class='ocrx_word' id='word_1_91' title='bbox 404 1311 478 1364; x_wconf 88' lang='lat' dir='ltr'>quae</span> <span class='ocrx_word' id='word_1_92' title='bbox 493 1293 652 1360; x_wconf 79' lang='lat' dir='ltr'>audierant,</span> <span class='ocrx_word' id='word_1_93' title='bbox 670 1297 699 1348; x_wconf 92' lang='lat' dir='ltr'>et</span> <span class='ocrx_word' id='word_1_94' title='bbox 713 1293 845 1348; x_wconf 88' lang='lat' dir='ltr'>viderant</span> 
     </span>
     <span class='ocr_line' id='line_1_15' title="bbox 96 1376 508 1432; baseline -0.01 0"><span class='ocrx_word' id='word_1_95' title='bbox 96 1379 172 1432; x_wconf 88' lang='lat' dir='ltr'>sicut</span> <span class='ocrx_word' id='word_1_96' title='bbox 192 1377 300 1431; x_wconf 90' lang='lat' dir='ltr'>dictum</span> <span class='ocrx_word' id='word_1_97' title='bbox 319 1380 364 1431; x_wconf 87' lang='lat' dir='ltr'>est</span> <span class='ocrx_word' id='word_1_98' title='bbox 383 1376 419 1430; x_wconf 83' lang='lat' dir='ltr'>ed</span> <span class='ocrx_word' id='word_1_99' title='bbox 438 1376 508 1429; x_wconf 84' lang='lat' dir='ltr'>illos</span> 
     </span>
    </p>

    <p class='ocr_par' dir='ltr' id='par_1_3' title="bbox 97 1454 1113 1770">
     <span class='ocr_line' id='line_1_16' title="bbox 168 1454 1113 1526; baseline -0.007 -15"><span class='ocrx_word' id='word_1_100' title='bbox 168 1457 205 1512; x_wconf 84' lang='lat' dir='ltr'>Et</span> <span class='ocrx_word' id='word_1_101' title='bbox 230 1460 383 1526; x_wconf 87' lang='lat' dir='ltr'>postquam</span> <span class='ocrx_word' id='word_1_102' title='bbox 402 1455 593 1511; x_wconf 85' lang='lat' dir='ltr'>consummati</span> <span class='ocrx_word' id='word_1_103' title='bbox 613 1458 681 1509; x_wconf 89' lang='lat' dir='ltr'>sunt</span> <span class='ocrx_word' id='word_1_104' title='bbox 700 1454 761 1508; x_wconf 90' lang='lat' dir='ltr'>dies</span> <span class='ocrx_word' id='word_1_105' title='bbox 781 1457 845 1506; x_wconf 90' lang='lat' dir='ltr'>octo</span> <span class='ocrx_word' id='word_1_106' title='bbox 865 1457 897 1506; x_wconf 77' lang='lat'>21</span> <span class='ocrx_word' id='word_1_107' title='bbox 912 1473 988 1515; x_wconf 63' lang='lat' dir='ltr'>ransc.</span> <span class='ocrx_word' id='word_1_108' title='bbox 1112 1493 1113 1502; x_wconf 66' lang='grc'>,</span> 
     </span>
     <span class='ocr_line' id='line_1_17' title="bbox 97 1519 1027 1606; baseline -0.009 -13"><span class='ocrx_word' id='word_1_109' title='bbox 97 1544 129 1593; x_wconf 89' lang='lat' dir='ltr'>ut</span> <span class='ocrx_word' id='word_1_110' title='bbox 149 1537 398 1592; x_wconf 83' lang='lat' dir='ltr'>circumcideretur</span> <span class='ocrx_word' id='word_1_111' title='bbox 416 1553 500 1606; x_wconf 90' lang='lat' dir='ltr'>puer:</span> <span class='ocrx_word' id='word_1_112' title='bbox 526 1538 658 1589; x_wconf 88' lang='lat' dir='ltr'>vocatum</span> <span class='ocrx_word' id='word_1_113' title='bbox 679 1539 724 1589; x_wconf 88' lang='lat' dir='ltr'>est</span> <span class='ocrx_word' id='word_1_114' title='bbox 742 1549 846 1588; x_wconf 88' lang='lat' dir='ltr'>nomen</span> <span class='ocrx_word' id='word_1_115' title='bbox 911 1519 1027 1604; x_wconf 56' lang='lat'>&amp;23:³⁸⁵-</span> 
     </span>
     <span class='ocr_line' id='line_1_18' title="bbox 97 1613 846 1687; baseline -0.011 -14"><span class='ocrx_word' id='word_1_116' title='bbox 97 1620 159 1673; x_wconf 88' lang='lat' dir='ltr'>eius</span> <span class='ocrx_word' id='word_1_117' title='bbox 178 1619 267 1685; x_wconf 77' lang='lat' dir='ltr'>lesuS,</span> <span class='ocrx_word' id='word_1_118' title='bbox 286 1617 362 1687; x_wconf 90' lang='lat' dir='ltr'>quod</span> <span class='ocrx_word' id='word_1_119' title='bbox 381 1619 514 1672; x_wconf 86' lang='lat' dir='ltr'>vocatum</span> <span class='ocrx_word' id='word_1_120' title='bbox 535 1619 580 1670; x_wconf 91' lang='lat' dir='ltr'>est</span> <span class='ocrx_word' id='word_1_121' title='bbox 599 1615 635 1668; x_wconf 86' lang='lat' dir='ltr'>ab</span> <span class='ocrx_word' id='word_1_122' title='bbox 652 1615 753 1684; x_wconf 82' lang='lat' dir='ltr'>angelo</span> <span class='ocrx_word' id='word_1_123' title='bbox 767 1613 846 1682; x_wconf 91' lang='lat' dir='ltr'>prius</span> 
     </span>
     <span class='ocr_line' id='line_1_19' title="bbox 98 1678 875 1770; baseline -0.01 -16"><span class='ocrx_word' id='word_1_124' title='bbox 98 1701 184 1770; x_wconf 76' lang='lat' dir='ltr'>quam</span> <span class='ocrx_word' id='word_1_125' title='bbox 203 1699 232 1753; x_wconf 90' lang='lat' dir='ltr'>in</span> <span class='ocrx_word' id='word_1_126' title='bbox 251 1702 332 1753; x_wconf 91' lang='lat' dir='ltr'>utero</span> <span class='ocrx_word' id='word_1_127' title='bbox 353 1698 556 1766; x_wconf 88' lang='lat' dir='ltr'>conciperetur.</span> <span class='ocrx_word' id='word_1_128' title='bbox 869 1678 875 1695; x_wconf 73' lang='lat'>’</span> 
     </span>
    </p>

    <p class='ocr_par' dir='ltr' id='par_1_4' title="bbox 99 1775 1113 2975">
     <span class='ocr_line' id='line_1_20' title="bbox 169 1775 980 1849; baseline -0.011 -15"><span class='ocrx_word' id='word_1_129' title='bbox 169 1780 206 1834; x_wconf 85' lang='lat' dir='ltr'>Et</span> <span class='ocrx_word' id='word_1_130' title='bbox 238 1783 393 1849; x_wconf 87' lang='lat' dir='ltr'>postquam</span> <span class='ocrx_word' id='word_1_131' title='bbox 421 1778 531 1847; x_wconf 91' lang='lat' dir='ltr'>impleti</span> <span class='ocrx_word' id='word_1_132' title='bbox 559 1780 626 1830; x_wconf 87' lang='lat' dir='ltr'>suut</span> <span class='ocrx_word' id='word_1_133' title='bbox 656 1775 717 1830; x_wconf 89' lang='lat' dir='ltr'>dies</span> <span class='ocrx_word' id='word_1_134' title='bbox 745 1791 848 1844; x_wconf 82' lang='lat' dir='ltr'>purga-</span> <span class='ocrx_word' id='word_1_135' title='bbox 867 1777 940 1826; x_wconf 67' lang='lat' dir='ltr'>22nv</span> <span class='ocrx_word' id='word_1_136' title='bbox 953 1794 980 1825; x_wconf 79' lang='lat' dir='ltr'>n.</span> 
     </span>
     <span class='ocr_line' id='line_1_21' title="bbox 99 1856 848 1926; baseline -0.009 -12"><span class='ocrx_word' id='word_1_137' title='bbox 99 1861 185 1915; x_wconf 90' lang='lat' dir='ltr'>tionis</span> <span class='ocrx_word' id='word_1_138' title='bbox 212 1861 273 1914; x_wconf 91' lang='lat' dir='ltr'>eius</span> <span class='ocrx_word' id='word_1_139' title='bbox 300 1859 456 1914; x_wconf 90' lang='lat' dir='ltr'>secundum</span> <span class='ocrx_word' id='word_1_140' title='bbox 479 1859 571 1926; x_wconf 89' lang='lat' dir='ltr'>legem</span> <span class='ocrx_word' id='word_1_141' title='bbox 591 1856 694 1925; x_wconf 87' lang='lat' dir='ltr'>Moysi,</span> <span class='ocrx_word' id='word_1_142' title='bbox 721 1857 848 1911; x_wconf 90' lang='lat' dir='ltr'>tulerunt</span> 
     </span>
     <span class='ocr_line' id='line_1_22' title="bbox 101 1935 848 2006; baseline -0.007 -14"><span class='ocrx_word' id='word_1_143' title='bbox 101 1941 178 1994; x_wconf 92' lang='lat' dir='ltr'>illum</span> <span class='ocrx_word' id='word_1_144' title='bbox 209 1941 238 1994; x_wconf 91' lang='lat' dir='ltr'>in</span> <span class='ocrx_word' id='word_1_145' title='bbox 266 1941 435 2006; x_wconf 86' lang='lat' dir='ltr'>Ierusalem,</span> <span class='ocrx_word' id='word_1_146' title='bbox 467 1942 499 1992; x_wconf 87' lang='lat' dir='ltr'>ut</span> <span class='ocrx_word' id='word_1_147' title='bbox 531 1939 666 1991; x_wconf 83' lang='lat' dir='ltr'>sisterent</span> <span class='ocrx_word' id='word_1_148' title='bbox 699 1953 764 1990; x_wconf 90' lang='lat' dir='ltr'>eum</span> <span class='ocrx_word' id='word_1_149' title='bbox 792 1935 848 1988; x_wconf 93' lang='lat' dir='ltr'>Do-</span> 
     </span>
     <span class='ocr_line' id='line_1_23' title="bbox 102 2015 1113 2088; baseline -0.01 -15"><span class='ocrx_word' id='word_1_150' title='bbox 102 2020 193 2087; x_wconf 89' lang='lat' dir='ltr'>mino,</span> <span class='ocrx_word' id='word_1_151' title='bbox 230 2022 305 2074; x_wconf 88' lang='lat' dir='ltr'>sicut</span> <span class='ocrx_word' id='word_1_152' title='bbox 332 2021 470 2088; x_wconf 90' lang='lat' dir='ltr'>scriptum</span> <span class='ocrx_word' id='word_1_153' title='bbox 500 2021 545 2072; x_wconf 90' lang='lat' dir='ltr'>est</span> <span class='ocrx_word' id='word_1_154' title='bbox 573 2019 602 2071; x_wconf 90' lang='lat' dir='ltr'>in</span> <span class='ocrx_word' id='word_1_155' title='bbox 630 2018 692 2086; x_wconf 80' lang='lat' dir='ltr'>lege</span> <span class='ocrx_word' id='word_1_156' title='bbox 719 2015 847 2070; x_wconf 88' lang='lat' dir='ltr'>Domini:</span> <span class='ocrx_word' id='word_1_157' title='bbox 868 2018 1061 2076; x_wconf 55' lang='lat' dir='ltr'>‘thimonem</span> <span class='ocrx_word' id='word_1_158' title='bbox 1112 2039 1113 2076; x_wconf 31' lang='lat' dir='ltr'>q</span> 
     </span>
     <span class='ocr_line' id='line_1_24' title="bbox 104 2096 1113 2170; baseline -0.009 -16"><span class='ocrx_word' id='word_1_159' title='bbox 104 2100 176 2170; x_wconf 86' lang='lat' dir='ltr'>Quia</span> <span class='ocrx_word' id='word_1_160' title='bbox 204 2118 284 2154; x_wconf 91' lang='lat' dir='ltr'>omne</span> <span class='ocrx_word' id='word_1_161' title='bbox 312 2099 501 2155; x_wconf 87' lang='lat' dir='ltr'>masculinum</span> <span class='ocrx_word' id='word_1_162' title='bbox 530 2097 700 2166; x_wconf 87' lang='lat' dir='ltr'>adaperiens</span> <span class='ocrx_word' id='word_1_163' title='bbox 726 2096 848 2160; x_wconf 85' lang='lat' dir='ltr'>vulvam,</span> <span class='ocrx_word' id='word_1_164' title='bbox 1112 2097 1113 2110; x_wconf 65' lang='lat'>¹</span> 
     </span>
     <span class='ocr_line' id='line_1_25' title="bbox 102 2175 1065 2238; baseline -0.011 -3"><span class='ocrx_word' id='word_1_165' title='bbox 102 2185 233 2236; x_wconf 89' lang='lat' dir='ltr'>sanctum</span> <span class='ocrx_word' id='word_1_166' title='bbox 265 2181 387 2236; x_wconf 91' lang='lat' dir='ltr'>Domino</span> <span class='ocrx_word' id='word_1_167' title='bbox 420 2177 578 2232; x_wconf 83' lang='lat' dir='ltr'>vocabitur.</span> <span class='ocrx_word' id='word_1_168' title='bbox 622 2181 651 2230; x_wconf 92' lang='lat' dir='ltr'>et</span> <span class='ocrx_word' id='word_1_169' title='bbox 683 2179 715 2230; x_wconf 90' lang='lat' dir='ltr'>ut</span> <span class='ocrx_word' id='word_1_170' title='bbox 749 2175 850 2229; x_wconf 80' lang='lat' dir='ltr'>darent</span> <span class='ocrx_word' id='word_1_171' title='bbox 868 2179 942 2229; x_wconf 68' lang='lat' dir='ltr'>‘llnv</span> <span class='ocrx_word' id='word_1_172' title='bbox 955 2197 1006 2238; x_wconf 74' lang='lat' dir='ltr'>12,s;</span> <span class='ocrx_word' id='word_1_173' title='bbox 1019 2195 1065 2236; x_wconf 67' lang='lat' dir='ltr'>qn.</span> 
     </span>
     <span class='ocr_line' id='line_1_26' title="bbox 102 2254 1113 2329; baseline -0.011 -13"><span class='ocrx_word' id='word_1_174' title='bbox 102 2262 225 2317; x_wconf 88' lang='lat' dir='ltr'>hostiam</span> <span class='ocrx_word' id='word_1_175' title='bbox 251 2261 408 2316; x_wconf 90' lang='lat' dir='ltr'>secundum</span> <span class='ocrx_word' id='word_1_176' title='bbox 434 2258 510 2329; x_wconf 86' lang='lat' dir='ltr'>quod</span> <span class='ocrx_word' id='word_1_177' title='bbox 537 2257 644 2312; x_wconf 89' lang='lat' dir='ltr'>dictum</span> <span class='ocrx_word' id='word_1_178' title='bbox 670 2259 715 2311; x_wconf 89' lang='lat' dir='ltr'>est</span> <span class='ocrx_word' id='word_1_179' title='bbox 741 2254 768 2309; x_wconf 89' lang='lat' dir='ltr'>in</span> <span class='ocrx_word' id='word_1_180' title='bbox 787 2256 849 2323; x_wconf 82' lang='lat' dir='ltr'>lege</span> <span class='ocrx_word' id='word_1_181' title='bbox 1112 2261 1113 2266; x_wconf 76' lang='grc'>’</span> 
     </span>
     <span class='ocr_line' id='line_1_27' title="bbox 102 2336 1113 2412; baseline -0.01 -15"><span class='ocrx_word' id='word_1_182' title='bbox 102 2343 214 2397; x_wconf 90' lang='lat' dir='ltr'>Domini</span> <span class='ocrx_word' id='word_1_183' title='bbox 233 2359 286 2412; x_wconf 90' lang='lat' dir='ltr'>par</span> <span class='ocrx_word' id='word_1_184' title='bbox 305 2345 457 2407; x_wconf 86' lang='lat' dir='ltr'>turturum,</span> <span class='ocrx_word' id='word_1_185' title='bbox 477 2343 528 2394; x_wconf 86' lang='lat' dir='ltr'>aut</span> <span class='ocrx_word' id='word_1_186' title='bbox 547 2338 619 2393; x_wconf 91' lang='lat' dir='ltr'>duos</span> <span class='ocrx_word' id='word_1_187' title='bbox 638 2338 730 2406; x_wconf 88' lang='lat' dir='ltr'>pullos</span> <span class='ocrx_word' id='word_1_188' title='bbox 746 2336 850 2390; x_wconf 76' lang='lat' dir='ltr'>colum·</span> <span class='ocrx_word' id='word_1_189' title='bbox 1112 2381 1113 2388; x_wconf 74' lang='grc'>,</span> 
     </span>
     <span class='ocr_line' id='line_1_28' title="bbox 102 2417 1066 2483; baseline -0.011 -6"><span class='ocrx_word' id='word_1_190' title='bbox 102 2425 209 2478; x_wconf 88' lang='lat' dir='ltr'>harum.</span> <span class='ocrx_word' id='word_1_191' title='bbox 282 2422 319 2476; x_wconf 85' lang='lat' dir='ltr'>Et</span> <span class='ocrx_word' id='word_1_192' title='bbox 345 2438 411 2476; x_wconf 89' lang='lat' dir='ltr'>ecce</span> <span class='ocrx_word' id='word_1_193' title='bbox 436 2422 521 2475; x_wconf 91' lang='lat' dir='ltr'>homo</span> <span class='ocrx_word' id='word_1_194' title='bbox 548 2423 609 2473; x_wconf 86' lang='lat' dir='ltr'>erat</span> <span class='ocrx_word' id='word_1_195' title='bbox 636 2419 664 2471; x_wconf 94' lang='lat' dir='ltr'>in</span> <span class='ocrx_word' id='word_1_196' title='bbox 688 2417 849 2483; x_wconf 87' lang='lat' dir='ltr'>Ierusalem,</span> <span class='ocrx_word' id='word_1_197' title='bbox 869 2421 1066 2480; x_wconf 37' lang='lat' dir='ltr'>thuscanae.</span> 
     </span>
     <span class='ocr_line' id='line_1_29' title="bbox 104 2481 1113 2569; baseline -0.012 -11"><span class='ocrx_word' id='word_1_198' title='bbox 104 2504 148 2558; x_wconf 92' lang='lat' dir='ltr'>cui</span> <span class='ocrx_word' id='word_1_199' title='bbox 172 2521 276 2558; x_wconf 89' lang='lat' dir='ltr'>nomen</span> <span class='ocrx_word' id='word_1_200' title='bbox 296 2502 426 2569; x_wconf 88' lang='lat' dir='ltr'>Simeon,</span> <span class='ocrx_word' id='word_1_201' title='bbox 453 2505 481 2555; x_wconf 85' lang='lat' dir='ltr'>et</span> <span class='ocrx_word' id='word_1_202' title='bbox 508 2501 592 2554; x_wconf 91' lang='lat' dir='ltr'>homo</span> <span class='ocrx_word' id='word_1_203' title='bbox 611 2500 667 2553; x_wconf 88' lang='lat' dir='ltr'>iste</span> <span class='ocrx_word' id='word_1_204' title='bbox 686 2499 794 2564; x_wconf 75' lang='lat' dir='ltr'>iustuS,</span> <span class='ocrx_word' id='word_1_205' title='bbox 822 2501 851 2551; x_wconf 91' lang='lat' dir='ltr'>et</span> <span class='ocrx_word' id='word_1_206' title='bbox 914 2481 1032 2568; x_wconf 55' lang='lat' dir='ltr'>ssssfissffll,</span> <span class='ocrx_word' id='word_1_207' title='bbox 1112 2507 1113 2546; x_wconf 69' lang='grc'>;</span> 
     </span>
     <span class='ocr_line' id='line_1_30' title="bbox 103 2574 961 2653; baseline -0.009 -15"><span class='ocrx_word' id='word_1_208' title='bbox 103 2585 262 2651; x_wconf 69' lang='lat' dir='ltr'>timoratus</span> <span class='ocrx_word' id='word_1_209' title='bbox 287 2586 443 2653; x_wconf 80' lang='lat' dir='ltr'>expectans</span> <span class='ocrx_word' id='word_1_210' title='bbox 463 2581 688 2636; x_wconf 85' lang='lat' dir='ltr'>consolationem</span> <span class='ocrx_word' id='word_1_211' title='bbox 707 2579 802 2646; x_wconf 82' lang='lat' dir='ltr'>lsrael,</span> <span class='ocrx_word' id='word_1_212' title='bbox 823 2582 851 2632; x_wconf 94' lang='lat' dir='ltr'>et</span> <span class='ocrx_word' id='word_1_213' title='bbox 914 2574 961 2613; x_wconf 76' lang='lat'><strong>⁶²²⁴·</strong></span> 
     </span>
     <span class='ocr_line' id='line_1_31' title="bbox 105 2661 904 2734; baseline -0.009 -15"><span class='ocrx_word' id='word_1_214' title='bbox 105 2665 226 2734; x_wconf 87' lang='lat' dir='ltr'>Spiritus</span> <span class='ocrx_word' id='word_1_215' title='bbox 253 2668 371 2718; x_wconf 88' lang='lat' dir='ltr'>sanctus</span> <span class='ocrx_word' id='word_1_216' title='bbox 396 2666 459 2717; x_wconf 80' lang='lat' dir='ltr'>erat</span> <span class='ocrx_word' id='word_1_217' title='bbox 484 2664 513 2716; x_wconf 85' lang='lat' dir='ltr'>in</span> <span class='ocrx_word' id='word_1_218' title='bbox 540 2679 581 2716; x_wconf 93' lang='lat' dir='ltr'>eo.</span> <span class='ocrx_word' id='word_1_219' title='bbox 619 2661 655 2714; x_wconf 85' lang='lat' dir='ltr'>Et</span> <span class='ocrx_word' id='word_1_220' title='bbox 682 2675 851 2728; x_wconf 89' lang='lat' dir='ltr'>responsum</span> <span class='ocrx_word' id='word_1_221' title='bbox 871 2665 904 2712; x_wconf 73' lang='lat'>‘26</span> 
     </span>
     <span class='ocr_line' id='line_1_32' title="bbox 105 2741 852 2814; baseline -0.009 -15"><span class='ocrx_word' id='word_1_222' title='bbox 105 2749 253 2814; x_wconf 84' lang='lat' dir='ltr'>acceperat</span> <span class='ocrx_word' id='word_1_223' title='bbox 278 2761 296 2798; x_wconf 83' lang='lat' dir='ltr'>a</span> <span class='ocrx_word' id='word_1_224' title='bbox 315 2744 423 2814; x_wconf 84' lang='lat' dir='ltr'>Spiritu</span> <span class='ocrx_word' id='word_1_225' title='bbox 448 2747 562 2810; x_wconf 77' lang='lat' dir='ltr'>sancto,</span> <span class='ocrx_word' id='word_1_226' title='bbox 589 2760 645 2796; x_wconf 89' lang='lat' dir='ltr'>uon</span> <span class='ocrx_word' id='word_1_227' title='bbox 669 2741 796 2795; x_wconf 83' lang='lat' dir='ltr'>visurum</span> <span class='ocrx_word' id='word_1_228' title='bbox 821 2755 852 2792; x_wconf 89' lang='lat' dir='ltr'>se</span> 
     </span>
     <span class='ocr_line' id='line_1_33' title="bbox 105 2819 905 2894; baseline -0.006 -15"><span class='ocrx_word' id='word_1_229' title='bbox 105 2830 232 2893; x_wconf 87' lang='lat' dir='ltr'>mortem,</span> <span class='ocrx_word' id='word_1_230' title='bbox 243 2825 298 2879; x_wconf 91' lang='lat' dir='ltr'>nisi</span> <span class='ocrx_word' id='word_1_231' title='bbox 308 2826 387 2894; x_wconf 87' lang='lat' dir='ltr'>prius</span> <span class='ocrx_word' id='word_1_232' title='bbox 397 2825 508 2879; x_wconf 88' lang='lat' dir='ltr'>videret</span> <span class='ocrx_word' id='word_1_233' title='bbox 519 2823 663 2877; x_wconf 86' lang='lat' dir='ltr'>Christum</span> <span class='ocrx_word' id='word_1_234' title='bbox 674 2820 796 2876; x_wconf 88' lang='lat' dir='ltr'>Domini.</span> <span class='ocrx_word' id='word_1_235' title='bbox 816 2819 853 2872; x_wconf 83' lang='lat' dir='ltr'>Et</span> <span class='ocrx_word' id='word_1_236' title='bbox 871 2824 905 2874; x_wconf 77' lang='lat'>27</span> 
     </span>
     <span class='ocr_line' id='line_1_34' title="bbox 105 2901 852 2975; baseline -0.012 -15"><span class='ocrx_word' id='word_1_237' title='bbox 105 2907 180 2960; x_wconf 79' lang='lat' dir='ltr'>venit</span> <span class='ocrx_word' id='word_1_238' title='bbox 195 2907 223 2960; x_wconf 91' lang='lat' dir='ltr'>in</span> <span class='ocrx_word' id='word_1_239' title='bbox 238 2906 341 2975; x_wconf 87' lang='lat' dir='ltr'>spiritu</span> <span class='ocrx_word' id='word_1_240' title='bbox 356 2906 384 2958; x_wconf 90' lang='lat' dir='ltr'>iu</span> <span class='ocrx_word' id='word_1_241' title='bbox 397 2905 542 2973; x_wconf 88' lang='lat' dir='ltr'>templum.</span> <span class='ocrx_word' id='word_1_242' title='bbox 562 2903 673 2956; x_wconf 87' lang='lat' dir='ltr'>Etcum</span> <span class='ocrx_word' id='word_1_243' title='bbox 685 2901 852 2956; x_wconf 88' lang='lat' dir='ltr'>inducerent</span> 
     </span>
    </p>
   </div>
   <div class='ocr_carea' id='block_1_3' title="bbox 157 3078 851 3201">
    <p class='ocr_par' dir='ltr' id='par_1_5' title="bbox 157 3078 851 3201">
     <span class='ocr_line' id='line_1_35' title="bbox 157 3078 851 3141; baseline -0.013 -13"><span class='ocrx_word' id='word_1_244' title='bbox 157 3093 181 3129; x_wconf 82' lang='lat'>15</span> <span class='ocrx_word' id='word_1_245' title='bbox 196 3087 217 3141; x_wconf 62' lang='grc' dir='ltr'>ξ</span> <span class='ocrx_word' id='word_1_246' title='bbox 232 3097 308 3138; x_wconf 87' lang='lat' dir='ltr'>usque</span> <span class='ocrx_word' id='word_1_247' title='bbox 323 3086 354 3128; x_wconf 85' lang='lat' dir='ltr'>ad</span> <span class='ocrx_word' id='word_1_248' title='bbox 374 3086 376 3138; x_wconf 91' lang='grc' dir='ltr'>Ι</span> <span class='ocrx_word' id='word_1_249' title='bbox 397 3085 417 3139; x_wconf 64' lang='grc' dir='ltr'><strong>ξ</strong></span> <span class='ocrx_word' id='word_1_250' title='bbox 432 3086 478 3137; x_wconf 77' lang='lat' dir='ltr'>est,</span> <span class='ocrx_word' id='word_1_251' title='bbox 492 3082 554 3135; x_wconf 87' lang='lat' dir='ltr'>quod</span> <span class='ocrx_word' id='word_1_252' title='bbox 569 3082 705 3126; x_wconf 81' lang='lat' dir='ltr'>fecitDom.</span> <span class='ocrx_word' id='word_1_253' title='bbox 721 3082 745 3122; x_wconf 83' lang='lat' dir='ltr'>et</span> <span class='ocrx_word' id='word_1_254' title='bbox 756 3078 851 3122; x_wconf 83' lang='lat' dir='ltr'>ostend.</span> 
     </span>
     <span class='ocr_line' id='line_1_36' title="bbox 157 3143 726 3201; baseline -0.011 -10"><span class='ocrx_word' id='word_1_255' title='bbox 157 3156 181 3192; x_wconf 76' lang='lat'>21</span> <span class='ocrx_word' id='word_1_256' title='bbox 198 3169 221 3181; x_wconf 89' lang='lat'>-</span> <span class='ocrx_word' id='word_1_257' title='bbox 237 3159 297 3201; x_wconf 87' lang='lat' dir='ltr'>puer</span> <span class='ocrx_word' id='word_1_258' title='bbox 404 3153 431 3190; x_wconf 83' lang='lat'>25</span> <span class='ocrx_word' id='word_1_259' title='bbox 445 3157 545 3200; x_wconf 87' lang='lat' dir='ltr'>symeon</span> <span class='ocrx_word' id='word_1_260' title='bbox 654 3151 680 3186; x_wconf 79' lang='lat'>26</span> <span class='ocrx_word' id='word_1_261' title='bbox 695 3143 726 3186; x_wconf 82' lang='lat' dir='ltr'>ab</span> 
     </span>
    </p>
   </div>
   <div class='ocr_carea' id='block_1_4' title="bbox 469 3225 863 3270">
    <p class='ocr_par' dir='ltr' id='par_1_6' title="bbox 469 3225 863 3270">
     <span class='ocr_line' id='line_1_37' title="bbox 469 3225 863 3270; baseline -0.02 -2"><span class='ocrx_word' id='word_1_262' title='bbox 469 3225 509 3270; x_wconf 70' lang='lat' dir='ltr'>llo</span> <span class='ocrx_word' id='word_1_263' title='bbox 838 3225 863 3260; x_wconf 88' lang='lat' dir='ltr'>ro</span> 
     </span>
    </p>
   </div>
   <div class='ocr_carea' id='block_1_5' title="bbox 0 0 1167 3434">
    <p class='ocr_par' dir='ltr' id='par_1_7' title="bbox 0 0 1167 3434">
     <span class='ocr_line' id='line_1_38' title="bbox 0 0 1167 3434; baseline 0 0"><span class='ocrx_word' id='word_1_264' title='bbox 0 0 1167 3434; x_wconf 95' lang='lat' dir='ltr'> </span> 
     </span>
    </p>
   </div>
  </div>
 </body>
</html>
