2275 3434
203 193 207 196 .
247 141 500 198 APOCALYPSIS
523 142 681 199 IOANNIS.
748 143 887 212 lta-10.

85 305 230 358 clamabat
248 304 421 374 parturiens,
441 306 471 358 et
485 303 668 358 cruciabatur
681 307 714 359 ut
729 305 832 375 pariat.

84 384 122 439 Et
141 385 234 439 visum
258 387 304 439 est
328 383 405 439 aliud
424 382 537 454 signum
556 384 586 438 in
605 384 698 439 caelo:
718 388 748 439 et
767 401 833 440 eece
853 388 870 439 3
896 408 914 439 o.
932 404 963 438 on
976 407 1012 448 aa.

84 465 172 519 draco
190 481 312 533 magnus
331 461 412 518 rufus
428 463 537 518 habens
552 464 649 533 capita
665 468 786 534 septem,
805 468 834 520 et

84 561 192 599 cornua
211 543 323 598 decem:
344 546 374 598 et
389 543 418 597 iri
433 543 578 613 capitibus
592 542 654 598 eius
669 543 834 599 diademata

84 628 213 695 septem,
232 627 262 679 et
281 623 373 679 cauda
392 623 453 678 eius
473 623 608 679 trahebat
631 624 745 679 tertiam
769 630 870 693 par-4
896 645 988 689 niano.

84 709 144 760 tem
163 705 309 759 stellarum
328 704 415 772 caeli,
441 707 471 759 et
489 704 568 759 misit
593 720 643 759 eas
666 705 695 759 in
718 708 834 774 terram,

85 789 115 840 et
134 785 219 840 draco
239 784 322 840 stetit
340 788 407 839 ante
426 785 588 852 mulierem,
609 801 684 856 quae
703 788 766 840 erat
784 802 834 855 pa-

84 866 190 920 ritura:
209 869 243 920 ut
260 882 325 920 eum
344 864 513 935 peperisset,
531 865 621 920 filium
640 865 701 920 eius
716 865 834 920 devora-

85 950 137 1001 ret.
166 945 202 1000 Et
216 945 327 1016 peperit
346 945 434 1000 lilium
453 945 621 1014 masculum,
640 945 689 1015 qui
703 949 869 1002 rectumst
898 967 974 1009 aaa.

85 1030 148 1080 erat
167 1042 265 1080 omnes
284 1025 392 1080 Gentes
411 1024 440 1080 in
457 1024 538 1094 virga
558 1025 663 1081 ferrea:
684 1029 714 1081 et
732 1029 834 1095 raptus
898 1014 955 1055 ¹⁹¹¹⁶'
974 1014 1046 1054 ΜΘ·

85 1110 131 1162 est
149 1106 225 1160 lilius
245 1106 306 1161 eius
325 1106 362 1161 ad
380 1107 482 1174 Deum,
501 1109 531 1160 et
550 1105 588 1160 ad
608 1105 743 1161 thronum
762 1106 833 1174 eius,

85 1192 115 1242 et
140 1187 241 1242 mulier
267 1186 341 1256 fugit
366 1185 395 1241 in
421 1185 605 1242 solitudinem
629 1185 679 1240 ubi
706 1185 869 1244 habebattl
897 1209 983 1250 unm

85 1268 178 1323 locum
196 1270 329 1338 paratum
355 1283 373 1322 a
395 1266 472 1334 Deo,
498 1269 532 1323 ut
556 1265 596 1321 ibi
620 1270 744 1336 pascant
769 1283 833 1322 eam
897 1255 962 1296 ¹¹'²'⁸”

49 1347 188 1403 13diebus
207 1347 281 1402 mille
300 1347 432 1402 ducentis
447 1347 608 1418 sexaginta.
671 1345 709 1402 Et
723 1347 833 1403 facturn
852 1356 868 1406 7
896 1369 928 1404 nn
941 1371 1033 1413 mmm

85 1432 131 1484 est
149 1429 288 1497 praelium
306 1443 442 1496 magnum
467 1427 497 1482 in
516 1428 610 1483 caelo:
643 1427 778 1496 Michael,
805 1431 834 1483 et
919 1417 966 1459 ¹²¹¹·

85 1508 180 1578 angeli
207 1507 269 1563 eius
297 1507 511 1576 praeliabantur
538 1525 603 1562 curn
632 1507 772 1578 dracone,
804 1511 834 1564 et

85 1588 171 1645 draco
190 1587 354 1659 pugnabat,
374 1591 403 1643 et
422 1588 516 1658 angeli
534 1588 611 1642 eius:
631 1591 662 1644 et
679 1605 737 1644 non
755 1589 833 1643 valn·
852 1594 870 1646 8

85 1672 183 1737 erunt,
210 1684 302 1739 neque
320 1668 401 1722 locus
420 1668 554 1723 inventus
580 1672 625 1722 est
651 1683 749 1723 eorum
776 1684 834 1722 am-

84 1750 160 1819 plius
187 1749 217 1802 in
245 1748 333 1802 caelo.
370 1747 406 1802 Et
431 1748 578 1817 proiectus
605 1750 651 1803 est
676 1748 762 1803 draco
787 1747 869 1806 ille9
897 1773 982 1813 nona

85 1846 216 1898 magnus
235 1844 354 1896 serpens
374 1828 519 1897 antiquus
538 1827 588 1899 qui
602 1831 721 1883 vocatur
736 1827 834 1883 diaho-
896 1814 1007 1902 ᾖξ’ἦῗῖζῃ,

85 1911 138 1978 lus,
158 1912 188 1964 et
206 1911 334 1975 satanas
354 1909 402 1978 qui
416 1908 528 1964 seducit
542 1909 707 1964 universum
722 1908 835 1964 orbem:
895 1905 935 1939 ²⁰¹¹
946 1907 1002 1947 ⁸⁹¹³·

85 1993 115 2045 et
132 1989 278 2060 proiectus
297 1991 343 2044 est
360 1988 519 2057 interram,
539 1993 569 2044 et
584 1989 678 2059 angeli
692 1988 754 2044 eius
769 2005 833 2044 cum

85 2072 131 2125 illo
151 2069 231 2125 missi
250 2072 325 2124 sunt.
361 2068 397 2124 Et
417 2068 632 2124 audivivocem
651 2086 786 2140 magnam
804 2070 833 2124 in
853 2075 888 2127 10
900 2094 956 2135 upa.

85 2151 165 2206 caelo
184 2150 343 2206 dicentem:
895 2137 996 2223 ᾖξξζζῖἷ·

120 2230 203 2286 Nunc
221 2230 301 2284 facta
320 2233 365 2285 est
384 2230 478 2298 salua,
498 2233 528 2285 et
546 2230 647 2298 virtus,
666 2232 696 2286 et
714 2247 833 2301 regnum
896 2227 995 2312 ᾗξξέξξό,

120 2311 174 2366 Dei
214 2310 321 2378 nostri,
365 2313 394 2365 et
437 2313 568 2380 potestas
606 2309 712 2366 Christi
756 2312 832 2366 eius:
896 2315 910 2348 J
922 2317 980 2358 ma.

121 2389 188 2461 quia
232 2389 377 2460 proiectus
410 2393 469 2444 'est
514 2394 666 2445 accusator
712 2391 834 2452 fratrum

121 2472 299 2539 nostrorum,
327 2470 375 2541 qui
404 2470 563 2526 accusabat
587 2471 651 2526 illos
676 2475 743 2527 ante
768 2488 834 2527 con-

121 2554 252 2622 spectum
307 2549 360 2607 Dei
414 2551 506 2607 nostri
561 2551 606 2606 die
657 2567 692 2606 ac
741 2554 834 2608 nocte.

138 2745 152 2782 a
166 2739 191 2782 at
200 2737 269 2782 clam.
281 2737 350 2791 w*
362 2739 387 2782 at
396 2738 507 2783 olamans
516 2741 540 2781 Α
552 2740 556 2790 1
569 2739 692 2783 emolatur
702 2738 706 2791 Ι
717 2740 804 2793 pareat
812 2741 835 2780 A

138 2792 259 2855 amttam)
285 2794 288 2843 l
313 2802 367 2846 cap.
383 2792 434 2837 auls
448 2792 514 2889 {CA
538 2794 543 2846 Ι
569 2796 593 2843 >
609 2794 672 2846 sept.
688 2792 753 2836 died.

138 2851 151 2890 4
166 2847 191 2888 et
205 2849 249 2896 [m]
264 2845 342 2888 cauda
367 2847 370 2896 Ι
396 2846 454 2892 diac
472 2857 486 2890 o
501 2849 526 2887 F
539 2853 569 2902 ,a
583 2855 596 2889 7
610 2851 643 2889 on
656 2852 788 2890 amman

140 2899 213 2943 terit
265 2898 389 2952 effugiat)
416 2901 420 2952 Ι
444 2900 519 2944 habet
544 2901 547 2953 Ι
572 2899 640 2944 illam
665 2902 670 2951 Ι
698 2900 834 2954 (quadrag.)

87 2951 312 3050 (lraoiiididiii1⁶3¹2
328 2957 360 2996 on
376 2959 406 3008 ‚u
415 2960 441 2996 17
457 2957 460 3009 Ι
478 2976 502 2987 -
513 2964 628 3008 magnum
644 2955 649 3007 Ι
664 2953 767 2998 Micahal
781 2955 824 3007 ΡΙ

140 3060 279 3114 a>ampl
295 3070 343 3102 eor.
358 3062 382 3100 A
418 3060 630 3113 aseduoetAl-
645 3061 710 3106 et3⁰
724 3061 838 3120 [ΜΔΕ

140 3121 166 3160 10
179 3114 271 3162 domiui
286 3119 318 3160 tto
333 3115 353 3157 ,4
378 3115 383 3169 l
408 3113 464 3168 quia
478 3117 487 3164 ]
502 3115 542 3167 qui
556 3114 590 3159 Al

451 3193 492 3241 63⁵
