2275 3434
271 176 391 236 ACTVS
415 178 698 237 APOSTOLORVM.
744 184 902 248 lilii-96.

100 341 129 395 in
148 358 202 395 nos
222 342 250 396 in
271 343 360 398 initio.
388 343 566 397 Recordatus
582 360 646 397 sum
661 346 758 397 autem
771 343 852 396 verbi
872 345 905 397 16
918 365 953 405 aa.

100 423 225 491 Domini,
245 423 320 478 sicut
340 422 468 477 dicebat:
488 424 611 478 loannes
628 423 744 493 quidem
758 423 852 491 bapti-

98 504 178 557 zavit
203 520 293 572 aqua,
318 520 370 558 vos
390 508 486 558 autem
504 504 723 574 baptizabimini
743 503 852 573 Spiritu

99 586 211 637 sancto.
250 583 280 638 Si
307 600 374 653 ergo
401 583 520 638 eandem
546 585 670 653 gratiam
693 584 782 638 dedit·
796 583 851 637 illis
872 587 904 637 17
917 604 963 645 raa.

98 664 195 730 Deua,
221 662 296 718 sicut
316 668 345 718 et
363 664 462 731 nobiS,
488 664 536 733 qui
556 664 728 718 credidimus
747 664 776 717 in
795 663 852 718 Do-

98 744 208 798 minum
228 744 321 798 Iesum
341 743 502 799 Christum:
529 762 583 814 ego
603 745 666 814 quis
686 762 779 812 eram,
803 744 851 813 qui

98 840 216 893 possem
236 824 386 894 prohibere
405 824 518 878 Deum?
548 826 600 879 His
621 825 735 892 auditis
755 829 851 879 tecue·
872 828 905 879 18
917 845 978 886 ran,
993 846 1051 885 ma.

98 908 181 959 runt:
202 908 232 958 et
247 904 479 974 glorificaverunt
492 905 594 972 Deum,
613 904 757 967 diceutes:
776 906 850 973 Ergo
915 890 930 921 L
941 892 992 932 ⁷³⁰³
1004 891 1062 932 Μ’

100 988 128 1039 et
141 984 284 1039 Gentibus
299 985 505 1054 poenitentiam
521 985 600 1039 dedit
609 985 688 1039 Deus
704 985 740 1039 ad
752 985 850 1039 vitam.

170 1138 208 1192 Et
237 1137 276 1191 illi
304 1137 434 1207 quidem,
462 1138 511 1207 qui
540 1138 662 1207 dispersi
690 1139 805 1193 fuerant
834 1141 979 1198 altior-i.

99 1218 295 1285 tribulatione,
314 1234 388 1288 quae
408 1218 488 1274 facta
506 1218 602 1273 fuerat
621 1220 675 1273 sub
694 1219 849 1289 Stephano,
920 1241 922 1244 ·

99 1299 372 1367 perambulaverunt
387 1315 478 1368 usque
490 1299 661 1367 Phoenicen,
677 1299 850 1369 etCyprum,

99 1384 128 1434 et
144 1379 336 1446 Antiochiam,
355 1379 461 1434 nemini
479 1379 630 1449 loquentes
648 1380 776 1447 verbum,
794 1380 850 1434 nisi

98 1460 167 1514 solis
193 1458 316 1513 Iudaeis
357 1458 448 1514 Erant
476 1464 573 1514 autem
600 1460 716 1529 quidam
745 1477 780 1515 ex
808 1461 849 1515 eis
869 1464 960 1520 ‘loun

98 1540 150 1594 viri
172 1539 285 1609 Cyprii,
311 1543 340 1593 ct
360 1538 511 1609 Cyrenaei,
531 1540 580 1609 qui
599 1553 665 1593 cum
682 1541 850 1596 introissent

98 1620 297 1686 Antiochiam,
323 1620 512 1688 loquebantur
531 1624 560 1675 et
580 1620 617 1674 ad
637 1620 777 1689 Graecos,
801 1639 867 1675 au·-

99 1702 270 1755 nuuciantes
289 1699 442 1754 Dominum
461 1701 563 1755 Iesum.
600 1701 637 1756 Et
663 1706 725 1756 erat
748 1719 849 1755 manus
868 1705 901 1755 21
913 1720 960 1761 an.

102 1781 213 1835 Domini
233 1780 373 1835 cumeis:
397 1781 560 1850 multusque
580 1799 715 1836 numerus
734 1782 849 1836 creden-

102 1861 169 1915 tium
197 1877 355 1915 conversus
384 1865 429 1916 est
454 1860 492 1915 ad
517 1861 678 1915 Dominum.
715 1863 849 1916 Pervenit
868 1865 960 1921 22⁴,aa

105 1946 194 1995 autem
222 1957 316 1994 sermo
344 1940 381 2000 ad
406 1957 489 1995 aures
513 1941 668 2008 ecclesiae,
694 1958 767 2010 quae
786 1946 849 1995 erat

107 2020 280 2091 ierosolymis
306 2038 393 2090 super
417 2022 496 2076 istis:
523 2026 553 2075 et
578 2022 718 2076 miserunt
741 2022 848 2076 Barna-

105 2100 165 2155 bam
191 2118 286 2171 usque
315 2102 351 2156 ad
379 2102 567 2156 Antiochiam.
612 2101 666 2170 Qui
694 2118 767 2156 cum.
786 2120 848 2170 per·
867 2104 970 2162 231³,1a

103 2183 242 2248 venisset,
275 2185 305 2235 et
331 2181 453 2236 vidisset
480 2182 603 2251 gratiam
631 2181 698 2249 Dei,
730 2183 848 2250 gavisus

102 2267 157 2317 est:
182 2267 213 2316 e't
231 2262 402 2316 hortabatur
421 2278 520 2316 omnes
539 2262 568 2315 in
587 2262 735 2331 proposito
755 2262 848 2316 cordis

100 2358 266 2410 permanere
291 2342 320 2395 in
339 2341 474 2396 Domino:
513 2342 580 2411 quia
604 2347 666 2396 erat
685 2343 728 2396 vir
746 2343 847 2408 bonus,
867 2347 952 2402 mas,
964 2363 1012 2402 nn.

100 2429 127 2476 et
151 2424 255 2492 plenus
275 2421 384 2491 Spiritu
410 2425 525 2489 sancto,
551 2427 581 2477 et
605 2422 669 2476 lide.
706 2422 742 2477 Et
761 2440 848 2491 appo-

99 2502 156 2557 sita
182 2506 227 2557 est
253 2503 343 2557 multa
361 2503 447 2556 turba
466 2503 596 2557 Domino.
634 2503 784 2557 Profectus
804 2506 848 2557 est
867 2504 959 2562 25⁹‚a

99 2586 195 2637 autem
206 2583 356 2637 Barnabas
367 2584 496 2650 Tarsum,
511 2587 544 2637 ut
558 2588 707 2653 quaereret
717 2583 846 2637 Saulum:

8 2702 9 2731 ;
99 2680 183 2731 quem
210 2679 274 2716 cum
300 2657 472 2731 invenisset,
500 2662 634 2732 perduxit
659 2664 846 2720 Antiochiam.
866 2667 987 2724 ididan.

152 2848 179 2884 18
193 2845 216 2892 >
233 2841 292 2884 deus
306 2841 399 2895 poenit.
415 2841 446 2885 ad
461 2841 504 2885 vit.
520 2841 588 2886 dedit

152 2910 179 2946 20
193 2904 291 2957 cyrenei

152 2972 179 3008 22
191 2966 321 3009 barnaban
348 2966 351 3019 Ι
378 2987 401 2999 -
417 2965 489 3010 ad2⁰

153 3028 300 3072 aa-in10

153 3096 179 3133 24
194 3094 217 3141 >
232 3092 306 3135 turha
319 3091 396 3135 multa

154 3157 218 3194 25-
234 3154 362 3196 Barnabas
388 3155 391 3206 l
418 3154 528 3197 tharsum

460 3233 503 3277 333
