<?xml version="1.0" encoding="UTF-8"?>
<!DOCTYPE html PUBLIC "-//W3C//DTD XHTML 1.0 Transitional//EN"
    "http://www.w3.org/TR/xhtml1/DTD/xhtml1-transitional.dtd">
<html xmlns="http://www.w3.org/1999/xhtml" xml:lang="en" lang="en">
 <head>
  <title>
</title>
<meta http-equiv="Content-Type" content="text/html;charset=utf-8" />
  <meta name='ocr-system' content='tesseract 3.04.00' />
  <meta name='ocr-capabilities' content='ocr_page ocr_carea ocr_par ocr_line ocrx_word'/>
</head>
<body>
  <div class='ocr_page' id='page_1' title='image "./novumtestamentu01nestgoog_0473.png"; bbox 0 0 2275 3434; ppageno 0'>
   <div class='ocr_carea' id='block_1_1' title="bbox 323 177 912 247">
    <p class='ocr_par' dir='ltr' id='par_1_1' title="bbox 323 177 912 247">
     <span class='ocr_line' id='line_1_1' title="bbox 323 177 912 247; baseline 0.005 -16"><span class='ocrx_word' id='word_1_1' title='bbox 323 178 373 231; x_wconf 89' lang='lat' dir='ltr'><strong>AD</strong></span> <span class='ocrx_word' id='word_1_2' title='bbox 398 177 623 232; x_wconf 88' lang='lat' dir='ltr'>CORINTHIOS</span> <span class='ocrx_word' id='word_1_3' title='bbox 646 178 665 233; x_wconf 90' lang='grc' dir='ltr'><strong>Ι.</strong></span> <span class='ocrx_word' id='word_1_4' title='bbox 753 180 912 247; x_wconf 73' lang='lat' dir='ltr'><strong>llas-as.</strong></span> 
     </span>
    </p>
   </div>
   <div class='ocr_carea' id='block_1_2' title="bbox 24 338 1078 2579">
    <p class='ocr_par' dir='ltr' id='par_1_2' title="bbox 24 338 1078 2579">
     <span class='ocr_line' id='line_1_2' title="bbox 102 338 1056 403; baseline 0.003 -11"><span class='ocrx_word' id='word_1_5' title='bbox 102 339 284 393; x_wconf 71' lang='lat' dir='ltr'><strong>diiudicatur</strong></span> <span class='ocrx_word' id='word_1_6' title='bbox 308 338 344 391; x_wconf 89' lang='lat' dir='ltr'><strong>ah</strong></span> <span class='ocrx_word' id='word_1_7' title='bbox 370 339 516 393; x_wconf 86' lang='lat' dir='ltr'><strong>omnibus:</strong></span> <span class='ocrx_word' id='word_1_8' title='bbox 543 340 656 394; x_wconf 90' lang='lat' dir='ltr'><strong>occulta</strong></span> <span class='ocrx_word' id='word_1_9' title='bbox 682 341 776 395; x_wconf 87' lang='lat' dir='ltr'><strong>cordis</strong></span> <span class='ocrx_word' id='word_1_10' title='bbox 795 341 857 396; x_wconf 91' lang='lat' dir='ltr'><strong>eius</strong></span> <span class='ocrx_word' id='word_1_11' title='bbox 876 344 997 402; x_wconf 63' lang='lat' dir='ltr'><strong>‘loram</strong></span> <span class='ocrx_word' id='word_1_12' title='bbox 1010 365 1056 403; x_wconf 67' lang='lat' dir='ltr'><strong>na.</strong></span> 
     </span>
     <span class='ocr_line' id='line_1_3' title="bbox 102 409 1011 492; baseline 0.011 -19"><span class='ocrx_word' id='word_1_13' title='bbox 102 418 265 474; x_wconf 87' lang='lat' dir='ltr'><strong>manifesta</strong></span> <span class='ocrx_word' id='word_1_14' title='bbox 283 419 369 472; x_wconf 86' lang='lat' dir='ltr'><strong>fiunt:</strong></span> <span class='ocrx_word' id='word_1_15' title='bbox 389 421 418 473; x_wconf 89' lang='lat' dir='ltr'><strong>et</strong></span> <span class='ocrx_word' id='word_1_16' title='bbox 436 417 480 473; x_wconf 87' lang='lat' dir='ltr'><strong>ita</strong></span> <span class='ocrx_word' id='word_1_17' title='bbox 493 419 600 474; x_wconf 86' lang='lat' dir='ltr'><strong>cadens</strong></span> <span class='ocrx_word' id='word_1_18' title='bbox 618 419 648 474; x_wconf 93' lang='lat' dir='ltr'><strong>in</strong></span> <span class='ocrx_word' id='word_1_19' title='bbox 667 420 771 475; x_wconf 89' lang='lat' dir='ltr'><strong>faciem</strong></span> <span class='ocrx_word' id='word_1_20' title='bbox 790 421 858 476; x_wconf 86' lang='lat' dir='ltr'><strong>ado·</strong></span> <span class='ocrx_word' id='word_1_21' title='bbox 920 409 1011 492; x_wconf 42' lang='lat' dir='ltr'><strong>{hilii</strong></span> 
     </span>
     <span class='ocr_line' id='line_1_4' title="bbox 102 496 1018 570; baseline 0.001 -16"><span class='ocrx_word' id='word_1_22' title='bbox 102 499 184 554; x_wconf 86' lang='lat' dir='ltr'><strong>rabit</strong></span> <span class='ocrx_word' id='word_1_23' title='bbox 202 499 310 567; x_wconf 86' lang='lat' dir='ltr'><strong>Deum,</strong></span> <span class='ocrx_word' id='word_1_24' title='bbox 333 500 525 568; x_wconf 80' lang='lat' dir='ltr'><strong>pronuncians</strong></span> <span class='ocrx_word' id='word_1_25' title='bbox 545 501 622 570; x_wconf 81' lang='lat' dir='ltr'><strong>quod</strong></span> <span class='ocrx_word' id='word_1_26' title='bbox 641 517 707 556; x_wconf 87' lang='lat' dir='ltr'><strong>vere</strong></span> <span class='ocrx_word' id='word_1_27' title='bbox 726 502 804 556; x_wconf 89' lang='lat' dir='ltr'><strong>Deu‘s</strong></span> <span class='ocrx_word' id='word_1_28' title='bbox 827 502 857 555; x_wconf 89' lang='lat' dir='ltr'><strong>in</strong></span> <span class='ocrx_word' id='word_1_29' title='bbox 920 496 959 529; x_wconf 74' lang='lat'><strong>²⁰¹¹</strong></span> <span class='ocrx_word' id='word_1_30' title='bbox 971 498 1018 538; x_wconf 68' lang='lat'><strong>⁸2²⁸·</strong></span> 
     </span>
     <span class='ocr_line' id='line_1_5' title="bbox 103 579 1009 650; baseline 0.002 -16"><span class='ocrx_word' id='word_1_31' title='bbox 103 581 191 635; x_wconf 89' lang='lat' dir='ltr'><strong>vobis</strong></span> <span class='ocrx_word' id='word_1_32' title='bbox 211 579 257 634; x_wconf 84' lang='lat' dir='ltr'><strong>sit.</strong></span> <span class='ocrx_word' id='word_1_33' title='bbox 318 579 393 650; x_wconf 81' lang='lat' dir='ltr'><strong>Quid</strong></span> <span class='ocrx_word' id='word_1_34' title='bbox 408 596 475 649; x_wconf 91' lang='lat' dir='ltr'><strong>ergo</strong></span> <span class='ocrx_word' id='word_1_35' title='bbox 490 584 544 648; x_wconf 87' lang='lat' dir='ltr'><strong>est,</strong></span> <span class='ocrx_word' id='word_1_36' title='bbox 563 581 689 636; x_wconf 81' lang='lat' dir='ltr'><strong>fratres?</strong></span> <span class='ocrx_word' id='word_1_37' title='bbox 708 598 773 636; x_wconf 89' lang='lat' dir='ltr'><strong>curn</strong></span> <span class='ocrx_word' id='word_1_38' title='bbox 792 599 857 637; x_wconf 90' lang='lat' dir='ltr'><strong>con·</strong></span> <span class='ocrx_word' id='word_1_39' title='bbox 876 587 911 636; x_wconf 74' lang='lat'><strong>26</strong></span> <span class='ocrx_word' id='word_1_40' title='bbox 922 605 1009 645; x_wconf 60' lang='lat' dir='ltr'><strong>arara</strong></span> 
     </span>
     <span class='ocr_line' id='line_1_6' title="bbox 104 650 1008 735; baseline 0.003 -21"><span class='ocrx_word' id='word_1_41' title='bbox 104 660 222 726; x_wconf 67' lang='lat' dir='ltr'><strong>venitm,</strong></span> <span class='ocrx_word' id='word_1_42' title='bbox 241 660 438 730; x_wconf 78' lang='lat' dir='ltr'><strong>unusquisque</strong></span> <span class='ocrx_word' id='word_1_43' title='bbox 453 665 583 715; x_wconf 87' lang='lat' dir='ltr'><strong>vestrum</strong></span> <span class='ocrx_word' id='word_1_44' title='bbox 600 663 742 730; x_wconf 88' lang='lat' dir='ltr'><strong>psalmum</strong></span> <span class='ocrx_word' id='word_1_45' title='bbox 760 663 857 729; x_wconf 83' lang='lat' dir='ltr'><strong>hahet,</strong></span> <span class='ocrx_word' id='word_1_46' title='bbox 920 650 1008 735; x_wconf 40' lang='grc' dir='ltr'>ξ’ῗμὲθ</span> 
     </span>
     <span class='ocr_line' id='line_1_7' title="bbox 24 740 857 812; baseline -0.002 -14"><span class='ocrx_word' id='word_1_47' title='bbox 24 795 25 798; x_wconf 74' lang='grc'>,</span> <span class='ocrx_word' id='word_1_48' title='bbox 105 741 269 796; x_wconf 87' lang='lat' dir='ltr'><strong>doctrinam</strong></span> <span class='ocrx_word' id='word_1_49' title='bbox 288 740 384 807; x_wconf 87' lang='lat' dir='ltr'><strong>habet,</strong></span> <span class='ocrx_word' id='word_1_50' title='bbox 404 741 601 810; x_wconf 81' lang='lat' dir='ltr'><strong>apocalypsim</strong></span> <span class='ocrx_word' id='word_1_51' title='bbox 616 742 712 809; x_wconf 87' lang='lat' dir='ltr'><strong>habet,</strong></span> <span class='ocrx_word' id='word_1_52' title='bbox 730 742 857 812; x_wconf 83' lang='lat' dir='ltr'><strong>linguam</strong></span> 
     </span>
     <span class='ocr_line' id='line_1_8' title="bbox 24 821 857 891; baseline 0 -15"><span class='ocrx_word' id='word_1_53' title='bbox 24 851 25 854; x_wconf 33' lang='lat'>¹</span> <span class='ocrx_word' id='word_1_54' title='bbox 105 822 205 888; x_wconf 89' lang='lat' dir='ltr'><strong>habet,</strong></span> <span class='ocrx_word' id='word_1_55' title='bbox 220 821 485 891; x_wconf 82' lang='lat' dir='ltr'><strong>interpretationem</strong></span> <span class='ocrx_word' id='word_1_56' title='bbox 500 821 600 876; x_wconf 86' lang='lat' dir='ltr'><strong>habet:</strong></span> <span class='ocrx_word' id='word_1_57' title='bbox 620 823 716 877; x_wconf 91' lang='lat' dir='ltr'><strong>omnia</strong></span> <span class='ocrx_word' id='word_1_58' title='bbox 729 823 857 879; x_wconf 78' lang='lat' dir='ltr'><strong>adsedi-</strong></span> 
     </span>
     <span class='ocr_line' id='line_1_9' title="bbox 104 901 911 973; baseline 0 -17"><span class='ocrx_word' id='word_1_59' title='bbox 104 902 271 956; x_wconf 87' lang='lat' dir='ltr'><strong>ficationem</strong></span> <span class='ocrx_word' id='word_1_60' title='bbox 295 901 375 956; x_wconf 86' lang='lat' dir='ltr'><strong>liant.</strong></span> <span class='ocrx_word' id='word_1_61' title='bbox 412 901 479 956; x_wconf 85' lang='lat' dir='ltr'><strong>Sive</strong></span> <span class='ocrx_word' id='word_1_62' title='bbox 507 903 606 972; x_wconf 85' lang='lat' dir='ltr'><strong>lingua</strong></span> <span class='ocrx_word' id='word_1_63' title='bbox 633 903 698 973; x_wconf 90' lang='lat' dir='ltr'><strong>quis</strong></span> <span class='ocrx_word' id='word_1_64' title='bbox 723 903 857 973; x_wconf 87' lang='lat' dir='ltr'><strong>loquitur,</strong></span> <span class='ocrx_word' id='word_1_65' title='bbox 876 907 911 957; x_wconf 77' lang='lat'><strong>27</strong></span> 
     </span>
     <span class='ocr_line' id='line_1_10' title="bbox 104 981 858 1053; baseline 0.003 -17"><span class='ocrx_word' id='word_1_66' title='bbox 104 983 266 1037; x_wconf 87' lang='lat' dir='ltr'><strong>secundum</strong></span> <span class='ocrx_word' id='word_1_67' title='bbox 286 981 373 1049; x_wconf 90' lang='lat' dir='ltr'><strong>duos,</strong></span> <span class='ocrx_word' id='word_1_68' title='bbox 393 986 444 1036; x_wconf 87' lang='lat' dir='ltr'><strong>aut</strong></span> <span class='ocrx_word' id='word_1_69' title='bbox 461 987 494 1038; x_wconf 91' lang='lat' dir='ltr'><strong>ut</strong></span> <span class='ocrx_word' id='word_1_70' title='bbox 512 984 634 1037; x_wconf 89' lang='lat' dir='ltr'><strong>multum</strong></span> <span class='ocrx_word' id='word_1_71' title='bbox 652 986 727 1050; x_wconf 78' lang='lat' dir='ltr'><strong>treS,</strong></span> <span class='ocrx_word' id='word_1_72' title='bbox 752 988 782 1038; x_wconf 88' lang='lat' dir='ltr'><strong>et</strong></span> <span class='ocrx_word' id='word_1_73' title='bbox 806 1001 858 1053; x_wconf 93' lang='lat' dir='ltr'><strong>per</strong></span> 
     </span>
     <span class='ocr_line' id='line_1_11' title="bbox 104 1063 911 1132; baseline 0 -15"><span class='ocrx_word' id='word_1_74' title='bbox 104 1066 219 1132; x_wconf 74' lang='lat' dir='ltr'><strong>partae,</strong></span> <span class='ocrx_word' id='word_1_75' title='bbox 245 1067 274 1118; x_wconf 89' lang='lat' dir='ltr'><strong>et</strong></span> <span class='ocrx_word' id='word_1_76' title='bbox 292 1079 366 1116; x_wconf 86' lang='lat' dir='ltr'><strong>unus</strong></span> <span class='ocrx_word' id='word_1_77' title='bbox 385 1063 598 1132; x_wconf 86' lang='lat' dir='ltr'><strong>interpretetur.</strong></span> <span class='ocrx_word' id='word_1_78' title='bbox 635 1063 666 1118; x_wconf 91' lang='lat' dir='ltr'><strong>Si</strong></span> <span class='ocrx_word' id='word_1_79' title='bbox 685 1069 782 1119; x_wconf 90' lang='lat' dir='ltr'><strong>autem</strong></span> <span class='ocrx_word' id='word_1_80' title='bbox 799 1082 856 1120; x_wconf 93' lang='lat' dir='ltr'><strong>non</strong></span> <span class='ocrx_word' id='word_1_81' title='bbox 876 1068 911 1118; x_wconf 73' lang='grc'><strong>23</strong></span> 
     </span>
     <span class='ocr_line' id='line_1_12' title="bbox 105 1138 913 1212; baseline 0.001 -14"><span class='ocrx_word' id='word_1_82' title='bbox 105 1144 195 1198; x_wconf 82' lang='lat' dir='ltr'><strong>fuerit</strong></span> <span class='ocrx_word' id='word_1_83' title='bbox 209 1143 359 1212; x_wconf 80' lang='lat' dir='ltr'><strong>interpres,</strong></span> <span class='ocrx_word' id='word_1_84' title='bbox 378 1146 475 1198; x_wconf 85' lang='lat' dir='ltr'><strong>taceat</strong></span> <span class='ocrx_word' id='word_1_85' title='bbox 490 1144 519 1197; x_wconf 91' lang='lat' dir='ltr'><strong>in</strong></span> <span class='ocrx_word' id='word_1_86' title='bbox 533 1144 671 1211; x_wconf 79' lang='lat' dir='ltr'><strong>Ecclesia,</strong></span> <span class='ocrx_word' id='word_1_87' title='bbox 690 1145 746 1198; x_wconf 86' lang='lat' dir='ltr'><strong>sihi</strong></span> <span class='ocrx_word' id='word_1_88' title='bbox 760 1149 857 1199; x_wconf 86' lang='lat' dir='ltr'><strong>autem</strong></span> <span class='ocrx_word' id='word_1_89' title='bbox 911 1138 913 1141; x_wconf 69' lang='grc'><strong>’</strong></span> 
     </span>
     <span class='ocr_line' id='line_1_13' title="bbox 69 1223 1028 1293; baseline 0.005 -19"><span class='ocrx_word' id='word_1_90' title='bbox 69 1225 252 1293; x_wconf 71' lang='lat' dir='ltr'><strong>eloquatur,</strong></span> <span class='ocrx_word' id='word_1_91' title='bbox 272 1228 301 1278; x_wconf 89' lang='lat' dir='ltr'><strong>et</strong></span> <span class='ocrx_word' id='word_1_92' title='bbox 319 1224 389 1278; x_wconf 89' lang='lat' dir='ltr'><strong>Deo.</strong></span> <span class='ocrx_word' id='word_1_93' title='bbox 426 1223 589 1293; x_wconf 82' lang='lat' dir='ltr'><strong>Prophetae</strong></span> <span class='ocrx_word' id='word_1_94' title='bbox 607 1228 703 1279; x_wconf 88' lang='lat' dir='ltr'><strong>autem</strong></span> <span class='ocrx_word' id='word_1_95' title='bbox 722 1225 787 1292; x_wconf 88' lang='lat' dir='ltr'><strong>duo,</strong></span> <span class='ocrx_word' id='word_1_96' title='bbox 805 1232 857 1280; x_wconf 85' lang='lat' dir='ltr'><strong>aut</strong></span> <span class='ocrx_word' id='word_1_97' title='bbox 875 1229 929 1279; x_wconf 72' lang='lat'><strong>291</strong></span> <span class='ocrx_word' id='word_1_98' title='bbox 941 1248 969 1280; x_wconf 75' lang='lat' dir='ltr'><strong>rs</strong></span> <span class='ocrx_word' id='word_1_99' title='bbox 981 1248 1028 1287; x_wconf 69' lang='lat' dir='ltr'><strong>aa.</strong></span> 
     </span>
     <span class='ocr_line' id='line_1_14' title="bbox 105 1291 1027 1374; baseline 0 -15"><span class='ocrx_word' id='word_1_100' title='bbox 105 1308 167 1359; x_wconf 86' lang='lat' dir='ltr'><strong>tres</strong></span> <span class='ocrx_word' id='word_1_101' title='bbox 187 1303 293 1370; x_wconf 86' lang='lat' dir='ltr'><strong>dicant,</strong></span> <span class='ocrx_word' id='word_1_102' title='bbox 312 1307 342 1358; x_wconf 90' lang='lat' dir='ltr'><strong>et</strong></span> <span class='ocrx_word' id='word_1_103' title='bbox 361 1305 447 1358; x_wconf 86' lang='lat' dir='ltr'><strong>ceteri</strong></span> <span class='ocrx_word' id='word_1_104' title='bbox 467 1303 630 1359; x_wconf 85' lang='lat' dir='ltr'><strong>diiudicent.</strong></span> <span class='ocrx_word' id='word_1_105' title='bbox 663 1304 745 1374; x_wconf 79' lang='lat' dir='ltr'><strong>Quod</strong></span> <span class='ocrx_word' id='word_1_106' title='bbox 764 1304 789 1359; x_wconf 89' lang='lat' dir='ltr'><strong>si</strong></span> <span class='ocrx_word' id='word_1_107' title='bbox 808 1306 864 1359; x_wconf 80' lang='lat' dir='ltr'><strong>ali-i·</strong></span> <span class='ocrx_word' id='word_1_108' title='bbox 875 1309 911 1359; x_wconf 86' lang='lat'><strong>30</strong></span> <span class='ocrx_word' id='word_1_109' title='bbox 922 1291 957 1325; x_wconf 53' lang='grc' dir='ltr'><strong><em>Μ</em></strong></span> <span class='ocrx_word' id='word_1_110' title='bbox 969 1294 1027 1333; x_wconf 87' lang='lat'><strong>¹⁷&#39;¹¹&#39;</strong></span> 
     </span>
     <span class='ocr_line' id='line_1_15' title="bbox 105 1384 908 1453; baseline 0.002 -15"><span class='ocrx_word' id='word_1_111' title='bbox 105 1385 266 1439; x_wconf 86' lang='lat' dir='ltr'><strong>revelatum</strong></span> <span class='ocrx_word' id='word_1_112' title='bbox 292 1384 379 1439; x_wconf 89' lang='lat' dir='ltr'><strong>t&#39;uerit</strong></span> <span class='ocrx_word' id='word_1_113' title='bbox 404 1384 532 1452; x_wconf 86' lang='lat' dir='ltr'><strong>sedenti,</strong></span> <span class='ocrx_word' id='word_1_114' title='bbox 558 1385 637 1453; x_wconf 87' lang='lat' dir='ltr'><strong>prior</strong></span> <span class='ocrx_word' id='word_1_115' title='bbox 661 1389 767 1440; x_wconf 84' lang='lat' dir='ltr'><strong>taceat.</strong></span> <span class='ocrx_word' id='word_1_116' title='bbox 803 1385 855 1440; x_wconf 91' lang='lat' dir='ltr'><strong>Po·</strong></span> <span class='ocrx_word' id='word_1_117' title='bbox 875 1389 908 1440; x_wconf 92' lang='grc'><strong>31</strong></span> 
     </span>
     <span class='ocr_line' id='line_1_16' title="bbox 104 1465 855 1536; baseline -0.001 -16"><span class='ocrx_word' id='word_1_118' title='bbox 104 1466 193 1520; x_wconf 87' lang='lat' dir='ltr'><strong>testis</strong></span> <span class='ocrx_word' id='word_1_119' title='bbox 212 1465 288 1519; x_wconf 79' lang='lat' dir='ltr'><strong>&#39;eninr</strong></span> <span class='ocrx_word' id='word_1_120' title='bbox 313 1480 412 1520; x_wconf 82' lang='lat' dir='ltr'><strong>omnes</strong></span> <span class='ocrx_word' id='word_1_121' title='bbox 437 1481 488 1535; x_wconf 89' lang='lat' dir='ltr'><strong>per</strong></span> <span class='ocrx_word' id='word_1_122' title='bbox 514 1465 642 1536; x_wconf 77' lang='lat' dir='ltr'><strong>singidos</strong></span> <span class='ocrx_word' id='word_1_123' title='bbox 667 1466 855 1535; x_wconf 80' lang='lat' dir='ltr'><strong>prophetare:</strong></span> 
     </span>
     <span class='ocr_line' id='line_1_17' title="bbox 105 1545 910 1613; baseline -0.001 -13"><span class='ocrx_word' id='word_1_124' title='bbox 105 1549 139 1600; x_wconf 85' lang='lat' dir='ltr'><strong>ut</strong></span> <span class='ocrx_word' id='word_1_125' title='bbox 158 1561 259 1600; x_wconf 87' lang='lat' dir='ltr'><strong>omnes</strong></span> <span class='ocrx_word' id='word_1_126' title='bbox 278 1545 403 1613; x_wconf 87' lang='lat' dir='ltr'><strong>discant,</strong></span> <span class='ocrx_word' id='word_1_127' title='bbox 423 1549 452 1599; x_wconf 88' lang='lat' dir='ltr'><strong>et</strong></span> <span class='ocrx_word' id='word_1_128' title='bbox 475 1562 574 1600; x_wconf 87' lang='lat' dir='ltr'><strong>omnes</strong></span> <span class='ocrx_word' id='word_1_129' title='bbox 594 1545 794 1601; x_wconf 82' lang='lat' dir='ltr'><strong>exhortentur:</strong></span> <span class='ocrx_word' id='word_1_130' title='bbox 810 1547 856 1600; x_wconf 81' lang='lat' dir='ltr'><strong>&#39;et</strong></span> <span class='ocrx_word' id='word_1_131' title='bbox 874 1551 910 1599; x_wconf 75' lang='lat'><strong>32</strong></span> 
     </span>
     <span class='ocr_line' id='line_1_18' title="bbox 106 1625 854 1696; baseline 0 -16"><span class='ocrx_word' id='word_1_132' title='bbox 106 1626 227 1696; x_wconf 76' lang='lat' dir='ltr'><strong>spiritus</strong></span> <span class='ocrx_word' id='word_1_133' title='bbox 245 1625 450 1694; x_wconf 86' lang='lat' dir='ltr'><strong>prophetarum</strong></span> <span class='ocrx_word' id='word_1_134' title='bbox 468 1625 617 1695; x_wconf 86' lang='lat' dir='ltr'><strong>prophetis</strong></span> <span class='ocrx_word' id='word_1_135' title='bbox 637 1627 759 1681; x_wconf 86' lang='lat' dir='ltr'><strong>subiecti</strong></span> <span class='ocrx_word' id='word_1_136' title='bbox 778 1631 854 1681; x_wconf 83' lang='lat' dir='ltr'><strong>sunt</strong></span> 
     </span>
     <span class='ocr_line' id='line_1_19' title="bbox 105 1705 909 1775; baseline -0.002 -13"><span class='ocrx_word' id='word_1_137' title='bbox 105 1707 169 1762; x_wconf 92' lang='lat' dir='ltr'><strong>Non</strong></span> <span class='ocrx_word' id='word_1_138' title='bbox 190 1705 330 1761; x_wconf 76' lang='lat' dir='ltr'><strong>animast</strong></span> <span class='ocrx_word' id='word_1_139' title='bbox 356 1705 543 1760; x_wconf 87' lang='lat' dir='ltr'><strong>dissensionis</strong></span> <span class='ocrx_word' id='word_1_140' title='bbox 562 1707 656 1774; x_wconf 89' lang='lat' dir='ltr'><strong>Deus,</strong></span> <span class='ocrx_word' id='word_1_141' title='bbox 682 1706 734 1761; x_wconf 91' lang='lat' dir='ltr'><strong>sed</strong></span> <span class='ocrx_word' id='word_1_142' title='bbox 760 1707 856 1775; x_wconf 85' lang='lat' dir='ltr'><strong>pacis:</strong></span> <span class='ocrx_word' id='word_1_143' title='bbox 875 1710 909 1760; x_wconf 90' lang='grc'><strong>33</strong></span> 
     </span>
     <span class='ocr_line' id='line_1_20' title="bbox 107 1786 855 1842; baseline -0.003 0"><span class='ocrx_word' id='word_1_144' title='bbox 107 1787 182 1842; x_wconf 88' lang='lat' dir='ltr'><strong>sicut</strong></span> <span class='ocrx_word' id='word_1_145' title='bbox 198 1790 228 1841; x_wconf 86' lang='lat' dir='ltr'><strong>et</strong></span> <span class='ocrx_word' id='word_1_146' title='bbox 240 1787 270 1840; x_wconf 91' lang='lat' dir='ltr'><strong>in</strong></span> <span class='ocrx_word' id='word_1_147' title='bbox 279 1786 417 1841; x_wconf 88' lang='lat' dir='ltr'><strong>omnihus</strong></span> <span class='ocrx_word' id='word_1_148' title='bbox 426 1786 563 1840; x_wconf 81' lang='lat' dir='ltr'><strong>Ecclesiis</strong></span> <span class='ocrx_word' id='word_1_149' title='bbox 578 1791 743 1842; x_wconf 84' lang='lat' dir='ltr'><strong>sanctorum</strong></span> <span class='ocrx_word' id='word_1_150' title='bbox 758 1786 855 1841; x_wconf 78' lang='lat' dir='ltr'><strong>doceo.</strong></span> 
     </span>
     <span class='ocr_line' id='line_1_21' title="bbox 76 1867 1078 1937; baseline 0.002 -19"><span class='ocrx_word' id='word_1_151' title='bbox 76 1867 241 1922; x_wconf 72' lang='lat' dir='ltr'><strong>tthlulieres</strong></span> <span class='ocrx_word' id='word_1_152' title='bbox 261 1867 290 1920; x_wconf 91' lang='lat' dir='ltr'><strong>in</strong></span> <span class='ocrx_word' id='word_1_153' title='bbox 308 1867 443 1920; x_wconf 81' lang='lat' dir='ltr'><strong>Ecclesiis</strong></span> <span class='ocrx_word' id='word_1_154' title='bbox 463 1869 595 1933; x_wconf 85' lang='lat' dir='ltr'><strong>taceant,</strong></span> <span class='ocrx_word' id='word_1_155' title='bbox 620 1884 677 1923; x_wconf 89' lang='lat' dir='ltr'><strong>non</strong></span> <span class='ocrx_word' id='word_1_156' title='bbox 699 1869 775 1921; x_wconf 88' lang='lat' dir='ltr'><strong>enirn</strong></span> <span class='ocrx_word' id='word_1_157' title='bbox 792 1885 857 1937; x_wconf 90' lang='lat' dir='ltr'><strong>per·</strong></span> <span class='ocrx_word' id='word_1_158' title='bbox 875 1874 910 1923; x_wconf 83' lang='lat'><strong>34</strong></span> <span class='ocrx_word' id='word_1_159' title='bbox 921 1891 967 1930; x_wconf 67' lang='lat' dir='ltr'><strong>op.</strong></span> <span class='ocrx_word' id='word_1_160' title='bbox 984 1889 1078 1927; x_wconf 67' lang='lat' dir='ltr'><strong>rrae.</strong></span> 
     </span>
     <span class='ocr_line' id='line_1_22' title="bbox 110 1933 1078 2021; baseline 0 -19"><span class='ocrx_word' id='word_1_161' title='bbox 110 1947 232 2003; x_wconf 87' lang='lat' dir='ltr'><strong>mittitur</strong></span> <span class='ocrx_word' id='word_1_162' title='bbox 248 1946 292 2002; x_wconf 90' lang='lat' dir='ltr'><strong>eis</strong></span> <span class='ocrx_word' id='word_1_163' title='bbox 310 1947 400 2016; x_wconf 86' lang='lat' dir='ltr'><strong>loqui,</strong></span> <span class='ocrx_word' id='word_1_164' title='bbox 419 1946 471 2000; x_wconf 86' lang='lat' dir='ltr'><strong>sed</strong></span> <span class='ocrx_word' id='word_1_165' title='bbox 490 1946 622 2000; x_wconf 87' lang='lat' dir='ltr'><strong>subditas</strong></span> <span class='ocrx_word' id='word_1_166' title='bbox 641 1964 714 2015; x_wconf 85' lang='lat' dir='ltr'><strong>esse,</strong></span> <span class='ocrx_word' id='word_1_167' title='bbox 734 1949 809 2002; x_wconf 89' lang='lat' dir='ltr'><strong>sicut</strong></span> <span class='ocrx_word' id='word_1_168' title='bbox 827 1952 856 2002; x_wconf 90' lang='lat' dir='ltr'><strong>et</strong></span> <span class='ocrx_word' id='word_1_169' title='bbox 920 1933 1031 2021; x_wconf 50' lang='lat' dir='ltr'><strong>{J’ssfj&#39;ffi</strong></span> <span class='ocrx_word' id='word_1_170' title='bbox 1042 1936 1078 1973; x_wconf 45' lang='lat'><strong>2⁵·</strong></span> 
     </span>
     <span class='ocr_line' id='line_1_23' title="bbox 113 2027 910 2096; baseline 0.004 -16"><span class='ocrx_word' id='word_1_171' title='bbox 113 2028 155 2081; x_wconf 83' lang='lat' dir='ltr'><strong>lex</strong></span> <span class='ocrx_word' id='word_1_172' title='bbox 171 2027 250 2082; x_wconf 86' lang='lat' dir='ltr'><strong>dicit.</strong></span> <span class='ocrx_word' id='word_1_173' title='bbox 277 2027 307 2082; x_wconf 88' lang='lat' dir='ltr'><strong>Si</strong></span> <span class='ocrx_word' id='word_1_174' title='bbox 326 2027 395 2096; x_wconf 88' lang='lat' dir='ltr'><strong>quid</strong></span> <span class='ocrx_word' id='word_1_175' title='bbox 414 2031 510 2081; x_wconf 88' lang='lat' dir='ltr'><strong>autern</strong></span> <span class='ocrx_word' id='word_1_176' title='bbox 524 2027 624 2081; x_wconf 89' lang='lat' dir='ltr'><strong>volunt</strong></span> <span class='ocrx_word' id='word_1_177' title='bbox 642 2027 761 2095; x_wconf 86' lang='lat' dir='ltr'><strong>discere,</strong></span> <span class='ocrx_word' id='word_1_178' title='bbox 780 2028 856 2083; x_wconf 91' lang='lat' dir='ltr'><strong>dorni</strong></span> <span class='ocrx_word' id='word_1_179' title='bbox 876 2032 910 2083; x_wconf 83' lang='lat'><strong>35</strong></span> 
     </span>
     <span class='ocr_line' id='line_1_24' title="bbox 114 2107 856 2177; baseline 0.003 -17"><span class='ocrx_word' id='word_1_180' title='bbox 114 2108 183 2163; x_wconf 90' lang='lat' dir='ltr'><strong>viros</strong></span> <span class='ocrx_word' id='word_1_181' title='bbox 195 2125 263 2164; x_wconf 84' lang='lat' dir='ltr'><strong>suos</strong></span> <span class='ocrx_word' id='word_1_182' title='bbox 277 2109 462 2177; x_wconf 85' lang='lat' dir='ltr'><strong>interrogent.</strong></span> <span class='ocrx_word' id='word_1_183' title='bbox 487 2107 583 2176; x_wconf 86' lang='lat' dir='ltr'><strong>Turpe</strong></span> <span class='ocrx_word' id='word_1_184' title='bbox 598 2111 643 2161; x_wconf 89' lang='lat' dir='ltr'><strong>est</strong></span> <span class='ocrx_word' id='word_1_185' title='bbox 658 2109 732 2162; x_wconf 90' lang='lat' dir='ltr'><strong>enim</strong></span> <span class='ocrx_word' id='word_1_186' title='bbox 746 2109 856 2162; x_wconf 83' lang='lat' dir='ltr'><strong>mulieri</strong></span> 
     </span>
     <span class='ocr_line' id='line_1_25' title="bbox 112 2187 983 2258; baseline 0.002 -16"><span class='ocrx_word' id='word_1_187' title='bbox 112 2190 184 2258; x_wconf 90' lang='lat' dir='ltr'><strong>loqui</strong></span> <span class='ocrx_word' id='word_1_188' title='bbox 210 2189 240 2242; x_wconf 89' lang='lat' dir='ltr'><strong>in</strong></span> <span class='ocrx_word' id='word_1_189' title='bbox 258 2188 396 2242; x_wconf 84' lang='lat' dir='ltr'><strong>Ecclesia.</strong></span> <span class='ocrx_word' id='word_1_190' title='bbox 449 2188 494 2242; x_wconf 87' lang='lat' dir='ltr'><strong>An</strong></span> <span class='ocrx_word' id='word_1_191' title='bbox 519 2205 537 2241; x_wconf 90' lang='lat' dir='ltr'><strong>a</strong></span> <span class='ocrx_word' id='word_1_192' title='bbox 561 2187 644 2242; x_wconf 88' lang='lat' dir='ltr'><strong>vobis</strong></span> <span class='ocrx_word' id='word_1_193' title='bbox 663 2189 782 2242; x_wconf 88' lang='lat' dir='ltr'><strong>verbum</strong></span> <span class='ocrx_word' id='word_1_194' title='bbox 803 2190 856 2244; x_wconf 91' lang='lat' dir='ltr'><strong>Dei</strong></span> <span class='ocrx_word' id='word_1_195' title='bbox 875 2195 910 2244; x_wconf 88' lang='grc'><strong>36</strong></span> <span class='ocrx_word' id='word_1_196' title='bbox 981 2221 983 2229; x_wconf 74' lang='lat'>=</span> 
     </span>
     <span class='ocr_line' id='line_1_26' title="bbox 109 2269 1002 2339; baseline 0 -15"><span class='ocrx_word' id='word_1_197' title='bbox 109 2269 270 2339; x_wconf 82' lang='lat' dir='ltr'><strong>processit?</strong></span> <span class='ocrx_word' id='word_1_198' title='bbox 295 2273 345 2323; x_wconf 92' lang='lat' dir='ltr'><strong>aut</strong></span> <span class='ocrx_word' id='word_1_199' title='bbox 369 2269 398 2322; x_wconf 91' lang='lat' dir='ltr'><strong>in</strong></span> <span class='ocrx_word' id='word_1_200' title='bbox 423 2285 475 2323; x_wconf 90' lang='lat' dir='ltr'><strong>vos</strong></span> <span class='ocrx_word' id='word_1_201' title='bbox 500 2269 577 2323; x_wconf 86' lang='lat' dir='ltr'><strong>solos</strong></span> <span class='ocrx_word' id='word_1_202' title='bbox 602 2269 752 2336; x_wconf 79' lang='lat' dir='ltr'><strong>pervenit?</strong></span> <span class='ocrx_word' id='word_1_203' title='bbox 825 2269 857 2324; x_wconf 88' lang='lat' dir='ltr'><strong>Si</strong></span> <span class='ocrx_word' id='word_1_204' title='bbox 875 2276 1002 2334; x_wconf 74' lang='lat' dir='ltr'><strong>371J4,c.</strong></span> 
     </span>
     <span class='ocr_line' id='line_1_27' title="bbox 109 2347 855 2419; baseline 0 -15"><span class='ocrx_word' id='word_1_205' title='bbox 109 2351 172 2419; x_wconf 86' lang='lat' dir='ltr'><strong>quis</strong></span> <span class='ocrx_word' id='word_1_206' title='bbox 197 2347 311 2404; x_wconf 89' lang='lat' dir='ltr'><strong>videtur</strong></span> <span class='ocrx_word' id='word_1_207' title='bbox 338 2349 479 2418; x_wconf 90' lang='lat' dir='ltr'><strong>propheta</strong></span> <span class='ocrx_word' id='word_1_208' title='bbox 504 2365 584 2416; x_wconf 84' lang='lat' dir='ltr'><strong>esse,</strong></span> <span class='ocrx_word' id='word_1_209' title='bbox 612 2353 663 2403; x_wconf 87' lang='lat' dir='ltr'><strong>aut</strong></span> <span class='ocrx_word' id='word_1_210' title='bbox 690 2349 855 2417; x_wconf 74' lang='lat' dir='ltr'><strong>spiritualia,</strong></span> 
     </span>
     <span class='ocr_line' id='line_1_28' title="bbox 110 2429 857 2500; baseline -0.001 -15"><span class='ocrx_word' id='word_1_211' title='bbox 110 2433 265 2500; x_wconf 84' lang='lat' dir='ltr'><strong>cognoscat</strong></span> <span class='ocrx_word' id='word_1_212' title='bbox 280 2446 353 2498; x_wconf 87' lang='lat' dir='ltr'><strong>quae</strong></span> <span class='ocrx_word' id='word_1_213' title='bbox 368 2429 462 2484; x_wconf 91' lang='lat' dir='ltr'><strong>scribo</strong></span> <span class='ocrx_word' id='word_1_214' title='bbox 477 2429 568 2497; x_wconf 88' lang='lat' dir='ltr'><strong>vobis,</strong></span> <span class='ocrx_word' id='word_1_215' title='bbox 583 2430 651 2498; x_wconf 89' lang='lat' dir='ltr'><strong>quia</strong></span> <span class='ocrx_word' id='word_1_216' title='bbox 661 2429 774 2483; x_wconf 89' lang='lat' dir='ltr'><strong>Domini</strong></span> <span class='ocrx_word' id='word_1_217' title='bbox 789 2433 857 2484; x_wconf 87' lang='lat' dir='ltr'><strong>sunt</strong></span> 
     </span>
     <span class='ocr_line' id='line_1_29' title="bbox 109 2506 977 2579; baseline 0.001 -15"><span class='ocrx_word' id='word_1_218' title='bbox 109 2509 253 2565; x_wconf 74' lang='lat' dir='ltr'><strong>mandata,</strong></span> <span class='ocrx_word' id='word_1_219' title='bbox 275 2509 312 2564; x_wconf 81' lang='lat' dir='ltr'><strong>&#39;Si</strong></span> <span class='ocrx_word' id='word_1_220' title='bbox 329 2510 393 2579; x_wconf 87' lang='lat' dir='ltr'><strong>quis</strong></span> <span class='ocrx_word' id='word_1_221' title='bbox 414 2513 510 2564; x_wconf 90' lang='lat' dir='ltr'><strong>autem</strong></span> <span class='ocrx_word' id='word_1_222' title='bbox 528 2509 651 2578; x_wconf 81' lang='lat' dir='ltr'><strong>ignorat,</strong></span> <span class='ocrx_word' id='word_1_223' title='bbox 670 2509 856 2578; x_wconf 81' lang='lat' dir='ltr'><strong>ignorabitur.</strong></span> <span class='ocrx_word' id='word_1_224' title='bbox 876 2515 911 2565; x_wconf 87' lang='grc'><strong>38</strong></span> <span class='ocrx_word' id='word_1_225' title='bbox 972 2506 977 2517; x_wconf 85' lang='grc'><strong>’</strong></span> 
     </span>
    </p>
   </div>
   <div class='ocr_carea' id='block_1_3' title="bbox 110 2589 910 2676">
    <p class='ocr_par' dir='ltr' id='par_1_3' title="bbox 110 2589 910 2676">
     <span class='ocr_line' id='line_1_30' title="bbox 110 2589 910 2676; baseline -0.001 -30"><span class='ocrx_word' id='word_1_226' title='bbox 110 2591 209 2676; x_wconf 84' lang='lat' dir='ltr'><strong>ltaque</strong></span> <span class='ocrx_word' id='word_1_227' title='bbox 247 2591 352 2644; x_wconf 85' lang='lat' dir='ltr'><strong>fratres</strong></span> <span class='ocrx_word' id='word_1_228' title='bbox 390 2591 572 2646; x_wconf 85' lang='lat' dir='ltr'><strong>aemulamini</strong></span> <span class='ocrx_word' id='word_1_229' title='bbox 607 2589 795 2660; x_wconf 85' lang='lat' dir='ltr'><strong>prophetare:</strong></span> <span class='ocrx_word' id='word_1_230' title='bbox 829 2593 858 2644; x_wconf 87' lang='lat' dir='ltr'><strong>et</strong></span> <span class='ocrx_word' id='word_1_231' title='bbox 876 2595 910 2645; x_wconf 84' lang='grc'><strong>39</strong></span> 
     </span>
    </p>
   </div>
   <div class='ocr_carea' id='block_1_4' title="bbox 24 2840 890 3206">
    <p class='ocr_par' dir='ltr' id='par_1_4' title="bbox 24 2840 890 3206">
     <span class='ocr_line' id='line_1_31' title="bbox 161 2840 890 2901; baseline -0.004 -15"><span class='ocrx_word' id='word_1_232' title='bbox 161 2850 187 2887; x_wconf 81' lang='lat'><strong>25</strong></span> <span class='ocrx_word' id='word_1_233' title='bbox 202 2843 299 2886; x_wconf 86' lang='lat' dir='ltr'><strong>occulta</strong></span> <span class='ocrx_word' id='word_1_234' title='bbox 313 2843 376 2885; x_wconf 88' lang='lat' dir='ltr'><strong>anim</strong></span> <span class='ocrx_word' id='word_1_235' title='bbox 392 2841 413 2896; x_wconf 56' lang='grc' dir='ltr'><em>ᾗ</em></span> <span class='ocrx_word' id='word_1_236' title='bbox 430 2847 475 2892; x_wconf 82' lang='lat' dir='ltr'><strong>(oc.</strong></span> <span class='ocrx_word' id='word_1_237' title='bbox 491 2842 575 2894; x_wconf 86' lang='lat' dir='ltr'><strong>etiarn)</strong></span> <span class='ocrx_word' id='word_1_238' title='bbox 601 2841 605 2895; x_wconf 94' lang='grc' dir='ltr'>Ι</span> <span class='ocrx_word' id='word_1_239' title='bbox 631 2842 744 2884; x_wconf 84' lang='lat' dir='ltr'><strong>adoravit</strong></span> <span class='ocrx_word' id='word_1_240' title='bbox 756 2840 818 2881; x_wconf 61' lang='grc' dir='ltr'><strong>ΑΜ</strong></span> <span class='ocrx_word' id='word_1_241' title='bbox 843 2844 846 2883; x_wconf 84' lang='lat' dir='ltr'><strong>t</strong></span> <span class='ocrx_word' id='word_1_242' title='bbox 888 2894 890 2901; x_wconf 37' lang='grc' dir='ltr'>Ι</span> 
     </span>
     <span class='ocr_line' id='line_1_32' title="bbox 112 2903 859 2960; baseline -0.007 -12"><span class='ocrx_word' id='word_1_243' title='bbox 112 2906 143 2949; x_wconf 88' lang='lat' dir='ltr'><strong>sit</strong></span> <span class='ocrx_word' id='word_1_244' title='bbox 161 2908 217 2960; x_wconf 81' lang='lat' dir='ltr'><strong>(ast)</strong></span> <span class='ocrx_word' id='word_1_245' title='bbox 272 2913 299 2948; x_wconf 77' lang='lat'><strong>26</strong></span> <span class='ocrx_word' id='word_1_246' title='bbox 317 2903 473 2958; x_wconf 86' lang='lat' dir='ltr'><strong>apocalypsin</strong></span> <span class='ocrx_word' id='word_1_247' title='bbox 493 2903 559 2957; x_wconf 53' lang='lat' dir='ltr'><strong>§dia</strong></span> <span class='ocrx_word' id='word_1_248' title='bbox 590 2906 595 2955; x_wconf 86' lang='grc'>1</span> <span class='ocrx_word' id='word_1_249' title='bbox 626 2924 649 2935; x_wconf 97' lang='grc'>-</span> <span class='ocrx_word' id='word_1_250' title='bbox 663 2903 724 2958; x_wconf 82' lang='lat' dir='ltr'><strong>ling.</strong></span> <span class='ocrx_word' id='word_1_251' title='bbox 743 2903 801 2947; x_wconf 86' lang='lat' dir='ltr'><strong>hab.</strong></span> <span class='ocrx_word' id='word_1_252' title='bbox 822 2906 859 2943; x_wconf 62' lang='grc' dir='ltr'><strong>ΙΝ</strong></span> 
     </span>
     <span class='ocr_line' id='line_1_33' title="bbox 113 2967 857 3022; baseline -0.004 -9"><span class='ocrx_word' id='word_1_253' title='bbox 113 2975 137 3012; x_wconf 65' lang='grc'><strong>37</strong></span> <span class='ocrx_word' id='word_1_254' title='bbox 150 2970 211 3012; x_wconf 86' lang='lat' dir='ltr'><strong>-ut</strong></span> <span class='ocrx_word' id='word_1_255' title='bbox 225 2967 270 3022; x_wconf 63' lang='grc' dir='ltr'><strong>Μ’</strong></span> <span class='ocrx_word' id='word_1_256' title='bbox 287 2971 290 3018; x_wconf 80' lang='grc' dir='ltr'>ι</span> <span class='ocrx_word' id='word_1_257' title='bbox 309 2970 334 3010; x_wconf 83' lang='lat' dir='ltr'><strong>et</strong></span> <span class='ocrx_word' id='word_1_258' title='bbox 347 2967 391 3018; x_wconf 76' lang='lat'><strong>2⁰]</strong></span> <span class='ocrx_word' id='word_1_259' title='bbox 407 2969 434 3010; x_wconf 87' lang='lat' dir='ltr'><strong>ut</strong></span> <span class='ocrx_word' id='word_1_260' title='bbox 448 2967 472 3006; x_wconf 81' lang='lat' dir='ltr'>F</span> <span class='ocrx_word' id='word_1_261' title='bbox 520 2973 546 3010; x_wconf 76' lang='lat'><strong>29</strong></span> <span class='ocrx_word' id='word_1_262' title='bbox 561 2989 584 2999; x_wconf 97' lang='lat'>-</span> <span class='ocrx_word' id='word_1_263' title='bbox 597 2969 647 3009; x_wconf 82' lang='lat' dir='ltr'><strong>aut.</strong></span> <span class='ocrx_word' id='word_1_264' title='bbox 663 2967 724 3018; x_wconf 62' lang='lat' dir='ltr'><strong>[MA</strong></span> <span class='ocrx_word' id='word_1_265' title='bbox 742 2968 746 3018; x_wconf 82' lang='grc' dir='ltr'>Ι</span> <span class='ocrx_word' id='word_1_266' title='bbox 765 2967 857 3016; x_wconf 84' lang='lat' dir='ltr'><strong>diiud]</strong></span> 
     </span>
     <span class='ocr_line' id='line_1_34' title="bbox 24 3028 857 3084; baseline 0 -12"><span class='ocrx_word' id='word_1_267' title='bbox 24 3035 25 3038; x_wconf 77' lang='grc'>’</span> <span class='ocrx_word' id='word_1_268' title='bbox 114 3031 149 3074; x_wconf 86' lang='lat' dir='ltr'><strong>dei</strong></span> <span class='ocrx_word' id='word_1_269' title='bbox 163 3030 353 3082; x_wconf 65' lang='lat' dir='ltr'><strong>iudicentfflfl)</strong></span> <span class='ocrx_word' id='word_1_270' title='bbox 399 3036 425 3072; x_wconf 78' lang='lat' dir='ltr'><strong>:ra</strong></span> <span class='ocrx_word' id='word_1_271' title='bbox 440 3029 564 3072; x_wconf 81' lang='lat' dir='ltr'><strong>subiectus</strong></span> <span class='ocrx_word' id='word_1_272' title='bbox 581 3031 620 3072; x_wconf 85' lang='lat' dir='ltr'><strong>est</strong></span> <span class='ocrx_word' id='word_1_273' title='bbox 635 3028 695 3081; x_wconf 54' lang='grc' dir='ltr'><strong>ΜΨ</strong></span> <span class='ocrx_word' id='word_1_274' title='bbox 740 3029 857 3084; x_wconf 78' lang='lat' dir='ltr'><strong>aspacia.</strong></span> 
     </span>
     <span class='ocr_line' id='line_1_35' title="bbox 24 3090 858 3148; baseline -0.005 -14"><span class='ocrx_word' id='word_1_275' title='bbox 24 3103 26 3144; x_wconf 62' lang='lat'>3</span> <span class='ocrx_word' id='word_1_276' title='bbox 114 3091 229 3148; x_wconf 46' lang='lat' dir='ltr'><strong>afim&amp;</strong></span> <span class='ocrx_word' id='word_1_277' title='bbox 255 3095 259 3144; x_wconf 83' lang='lat' dir='ltr'><strong>l</strong></span> <span class='ocrx_word' id='word_1_278' title='bbox 285 3093 327 3136; x_wconf 87' lang='lat' dir='ltr'><strong>sed</strong></span> <span class='ocrx_word' id='word_1_279' title='bbox 348 3093 410 3135; x_wconf 84' lang='lat' dir='ltr'><strong>sicut</strong></span> <span class='ocrx_word' id='word_1_280' title='bbox 428 3091 466 3131; x_wconf 79' lang='lat' dir='ltr'><strong>F²</strong></span> <span class='ocrx_word' id='word_1_281' title='bbox 491 3092 494 3144; x_wconf 77' lang='grc' dir='ltr'>Ι</span> <span class='ocrx_word' id='word_1_282' title='bbox 520 3094 586 3134; x_wconf 85' lang='lat' dir='ltr'><strong>-et</strong></span> <span class='ocrx_word' id='word_1_283' title='bbox 609 3092 613 3143; x_wconf 88' lang='grc' dir='ltr'>Ι</span> <span class='ocrx_word' id='word_1_284' title='bbox 639 3092 754 3134; x_wconf 88' lang='lat' dir='ltr'><strong>-doceo</strong></span> <span class='ocrx_word' id='word_1_285' title='bbox 773 3090 858 3144; x_wconf 63' lang='lat' dir='ltr'><strong>[md</strong></span> 
     </span>
     <span class='ocr_line' id='line_1_36' title="bbox 115 3153 765 3206; baseline 0 -10"><span class='ocrx_word' id='word_1_286' title='bbox 115 3160 138 3197; x_wconf 69' lang='lat' dir='ltr'><strong>aa</strong></span> <span class='ocrx_word' id='word_1_287' title='bbox 151 3155 176 3198; x_wconf 92' lang='lat' dir='ltr'><strong>in</strong></span> <span class='ocrx_word' id='word_1_288' title='bbox 189 3154 295 3198; x_wconf 84' lang='lat' dir='ltr'><strong>eeclesia</strong></span> <span class='ocrx_word' id='word_1_289' title='bbox 309 3153 347 3193; x_wconf 69' lang='lat'><strong>11&#39;2</strong></span> <span class='ocrx_word' id='word_1_290' title='bbox 371 3155 375 3206; x_wconf 77' lang='lat' dir='ltr'><strong>l</strong></span> <span class='ocrx_word' id='word_1_291' title='bbox 401 3153 514 3196; x_wconf 81' lang='lat' dir='ltr'><strong>subditae</strong></span> <span class='ocrx_word' id='word_1_292' title='bbox 529 3155 553 3193; x_wconf 83' lang='lat' dir='ltr'><strong><em>F</em></strong></span> <span class='ocrx_word' id='word_1_293' title='bbox 605 3160 632 3195; x_wconf 77' lang='lat'><strong>37</strong></span> <span class='ocrx_word' id='word_1_294' title='bbox 647 3153 765 3206; x_wconf 84' lang='lat' dir='ltr'><strong>spiritalis</strong></span> 
     </span>
    </p>
   </div>
   <div class='ocr_carea' id='block_1_5' title="bbox 472 3233 510 3276">
    <p class='ocr_par' dir='ltr' id='par_1_5' title="bbox 472 3233 510 3276">
     <span class='ocr_line' id='line_1_37' title="bbox 472 3233 510 3276; baseline -0.053 0"><span class='ocrx_word' id='word_1_295' title='bbox 472 3233 510 3276; x_wconf 79' lang='lat'><strong>451</strong></span> 
     </span>
    </p>
   </div>
   <div class='ocr_carea' id='block_1_6' title="bbox 0 0 1153 3434">
    <p class='ocr_par' dir='ltr' id='par_1_6' title="bbox 0 0 1153 3434">
     <span class='ocr_line' id='line_1_38' title="bbox 0 0 1153 3434; baseline 0 0"><span class='ocrx_word' id='word_1_296' title='bbox 0 0 1153 3434; x_wconf 95' lang='lat' dir='ltr'><strong> </strong></span> 
     </span>
    </p>
   </div>
  </div>
 </body>
</html>
