2275 3434
209 159 360 229 arr-ar.
485 161 535 216 no
561 159 766 215 auamuos

334 323 401 390 post
420 320 481 376 dies
500 321 572 388 illos,
592 319 661 376 dicit
679 319 831 375 Dominus:

299 400 401 455 Dando
419 401 498 470 leges
516 417 597 455 meas
616 401 645 454 in
664 404 788 456 mentem
807 416 915 466 eorum,
976 409 982 420 ·

335 481 412 536 etin
432 481 516 536 corde
536 497 633 536 eorum
653 481 864 552 superscribam
884 497 950 535 eas:

299 565 329 616 et
348 578 396 617 ero
415 562 457 617 eis
476 562 505 617 in
523 562 626 629 Deum,

334 645 364 697 et
382 642 438 712 ipsi
458 647 542 698 amnt
560 641 629 696 mihi
648 642 677 696 in
695 642 843 712 populum:

212 725 242 780 ll
299 726 329 777 et
342 739 400 777 non
415 720 530 778 docebit
543 723 740 793 unusquisque
749 722 912 792 proximum
922 739 1018 790 suum,

334 806 364 858 et
377 803 575 873 unusquisque
590 803 707 858 fratrem
722 819 814 870 suum,
828 801 942 857 dicens:
964 802 1019 858 Co·

369 899 476 952 gnosce
494 883 664 937 Dominum:

299 963 434 1033 quoniam
453 979 552 1018 omnes
572 963 664 1018 scient
682 980 728 1018 me

336 1061 353 1097 a
370 1043 480 1098 minore
498 1059 590 1113 usque
610 1043 647 1098 ad
665 1044 802 1099 maiorem
821 1061 938 1099 eorum:

211 1129 245 1180 12
299 1123 368 1194 quia
385 1124 527 1194 propitius
547 1139 596 1178 ero
614 1123 815 1194 iniquitatibus
834 1141 945 1193 eorum,

336 1207 365 1260 et
378 1208 561 1273 peccatorum
577 1221 674 1260 eorum
688 1205 745 1260 iarn
758 1222 815 1260 non
826 1207 1016 1266 memorabor.

125 1315 141 1346 n
154 1316 199 1355 op.
212 1299 245 1349 13
263 1289 391 1348 Dicendo
406 1298 502 1349 autem
516 1311 634 1349 novum:
653 1295 795 1350 veteravit
808 1295 897 1366 prius.
932 1295 1016 1366 Quod
1024 1301 1047 1345 61

265 1378 361 1429 autern
385 1374 567 1444 antiquatur,
593 1379 622 1431 et
646 1376 787 1444 senescit,
814 1393 906 1446 prope
931 1377 1017 1432 inter·

264 1455 334 1509 itum
355 1459 408 1510 est.

225 1527 245 1598 9
334 1543 443 1598 Habuit
471 1544 586 1614 quidem
613 1549 643 1601 et
669 1544 767 1614 prius,
794 1545 1010 1602 iustificationes
1018 1549 1043 1593 ⁶2
1052 1548 1085 1598 {18³

41 1636 69 1668 m
82 1638 199 1677 ammaon.
228 1620 245 1670 ‘2
264 1617 401 1683 culturae,
416 1619 445 1670 et
456 1615 594 1671 Sanctum
609 1617 764 1671 saeculare.
786 1616 1005 1673 Tabernaeulum

264 1687 339 1741 enirn
358 1687 467 1742 factum
487 1692 532 1742 est
549 1688 680 1757 primum,
700 1689 728 1742 in
743 1705 799 1758 quo
814 1692 898 1743 erant
913 1689 1003 1744 cande·

264 1759 359 1825 labra,
378 1762 407 1813 et
425 1775 540 1826 mensa,
564 1763 593 1814 et
611 1758 769 1829 propositio
792 1776 919 1830 panum,
941 1775 1002 1830 quae

102 1851 130 1883 ax
142 1852 200 1892 om.
228 1833 245 1883 3
265 1829 368 1885 dicitur
387 1830 503 1885 Sancta.
540 1830 611 1885 Post
630 1832 822 1885 velamentum
847 1833 949 1886 autern
969 1847 1006 1885 se-

265 1901 402 1968 eundum,
428 1902 658 1970 tabernaculum,
682 1901 758 1972 quod
783 1900 888 1956 dieitur
907 1902 1012 1958 Sancta

102 1994 130 2026 ax
142 1995 201 2033 naa.
228 1976 246 2026 4
265 1976 442 2027 sanctorum:
463 1989 580 2027 aureum
594 1973 704 2028 habens
718 1973 902 2040 thuribulum,
924 1979 956 2029 et
973 1991 1014 2028 ar-

71 2037 200 2124 „,N,¹¹,‚}{3{‘,⁵j
265 2061 328 2098 carn
352 2045 518 2100 testamenti
543 2045 758 2100 circumtectam
782 2060 817 2098 ex
836 2045 913 2099 omni
934 2049 1015 2115 parte

265 2132 350 2182 auro,
375 2115 404 2169 in
430 2133 488 2184 qua
513 2133 586 2170 urna
605 2133 692 2171 aurea
710 2115 820 2170 habens
839 2133 963 2184 manna,
988 2120 1017 2171 et

264 2187 346 2254 virga
354 2188 457 2253 Aaron,
472 2203 546 2256 quae
561 2186 735 2252 fronduerat,
751 2189 780 2241 et
794 2185 911 2242 tabulae
926 2191 1018 2242 testa-

101 2280 130 2311 m
142 2280 200 2317 aare.
229 2261 245 2311 5
264 2258 361 2323 menti,
380 2275 523 2327 superque
542 2275 605 2313 earn
626 2261 708 2312 erant
729 2257 881 2312 Cherubim
905 2259 1017 2328 gloriae

102 2325 130 2356 m
142 2325 200 2364 Μ·
264 2328 465 2383 obumbrantia
478 2329 720 2400 propitiatorium:
737 2329 771 2384 de
782 2329 886 2398 quibus
900 2334 1017 2385 nonest

93 2422 123 2454 uu
136 2423 200 2463 nni.
229 2400 348 2455 6modo
376 2400 526 2455 dicendum
552 2418 604 2470 per
629 2400 749 2470 singula.
813 2400 865 2454 His
884 2417 954 2456 vero
972 2402 1016 2456 ita
1026 2406 1054 2451 63

264 2471 445 2538 compositis:
464 2472 493 2526 in
508 2473 595 2542 priori
611 2472 725 2541 quidem
739 2472 925 2528 tabernaculo
940 2489 1016 2528 sern-

264 2559 315 2610 per
332 2542 491 2598 introibant
505 2543 679 2610 sacerdotes
698 2543 902 2598 sacrificiorum
916 2544 1015 2599 officia

102 2636 199 2675 arnono.
229 2618 510 2669 7consummantes:
539 2615 569 2669 in
593 2614 719 2669 secundo
745 2617 840 2669 autern
867 2616 957 2670 semel
982 2615 1013 2670 in
1023 2622 1063 2675 (19)

54 2680 82 2711 nv
94 2682 200 2720 mann.
265 2701 339 2739 anno
350 2685 428 2739 solus
437 2686 568 2754 pontifex
578 2702 635 2742 non
646 2687 707 2742 sine
717 2685 865 2755 sanguine,
875 2702 960 2756 quem
970 2686 1014 2742 of-

317 2858 344 2894 10
357 2851 427 2895 Dabo
442 2854 463 2906 ρ
481 2857 484 2893 1
504 2854 631 2897 mentem
646 2855 702 2906 (es)
731 2861 754 2898 11
771 2855 830 2896 -et
843 2853 870 2896 2⁰
883 2853 922 2894 F¹
939 2857 943 2901 t
962 2853 1012 2904 fn]

264 2906 357 2957 patrem
371 2906 397 2944 F
419 2906 422 2955 Ι
448 2905 564 2948 minorem
583 2907 621 2946 F1
674 2915 701 2950 12
719 2909 821 2961 peccata
839 2909 864 2948 F
886 2909 891 2956 Ι
915 2905 1014 2950 illorum

264 2963 291 2999 13
306 2957 427 3000 veterabit
480 2958 519 3012 9,1
534 2959 714 3003 iustificationis
729 2959 767 3001 F!
785 2960 960 3014 {naucularum
974 2960 1015 3000 F!

264 3009 387 3052 ainerant
417 3010 500 3052 ituri·
515 3013 577 3061 (·bo-
587 3015 623 3061 F)
637 3013 890 3076 etfftarcaFluna
904 3023 966 3056 urna
979 3014 1015 3053 Αἱ

265 3068 316 3103 5-
331 3063 402 3104 erant
416 3061 522 3114 [mar
543 3066 546 3116 Ι
565 3065 680 3109 cherubin
699 3068 702 3120 Ι
722 3067 756 3120 (in
770 3066 856 3121 glana)
875 3067 879 3119 1
899 3069 923 3116 >
938 3065 1013 3110 modo

265 3125 314 3157 non
328 3115 368 3157 est
381 3117 405 3155 A
459 3115 619 3171 rofferret&

607 3196 648 3239 560
