2275 3434
252 180 393 250 alo-19.
457 176 711 237 APOCALYPSIS
735 175 893 237 IOANNIS.

215 364 242 395 ιο.
252 341 289 397 10
307 346 401 397 torum
433 342 607 397 currentium
639 342 668 396 in
695 342 828 397 bellumz'
851 345 880 397 et
908 341 1057 396 habebant
1115 346 1116 361 ³

307 423 414 477 caudas
434 423 541 478 similes
559 424 751 493 scorpionum,
770 427 800 477 et
814 423 904 477 aculei
924 427 1010 477 erant
1029 423 1055 476 in

307 503 405 557 caudis
425 520 536 558 earum:
564 508 594 558 et
611 506 743 573 potestas
767 520 863 557 earum
883 519 988 557 nocere
1009 503 1055 557 ho·

177 619 179 623 ,
226 606 242 636 ι.
254 586 286 638 ll
306 584 430 638 minibus
445 584 593 638 mensibus
607 584 748 654 quinque:
763 588 794 639 et
808 583 956 638 habebant
970 599 1056 652 super

307 679 339 717 se
366 680 462 733 regem
487 665 620 732 angelum
650 664 761 734 abyssi,
794 664 839 719 eui
868 680 973 718 nomen
1001 664 1054 717 He·
1116 682 1117 687 ¹

306 743 403 797 hraice
422 744 572 812 Abaddon,
591 744 699 799 Graece
719 750 815 800 autem
833 744 983 814 Apollyon‚
1004 744 1054 797 La-

121 847 170 886 ena
186 826 288 886 11‚1r.12
307 824 366 878 tine
381 823 491 878 habens
505 840 608 879 nornen
622 824 830 880 Exterminans.
892 824 953 879 Vae
967 842 1053 877 unum

307 904 388 972 abiit,
399 908 428 960 et
443 920 508 959 eece
518 905 637 960 veniunt
647 905 740 960 adhuc
754 904 810 960 duo
825 921 878 960 vae
892 904 1052 975 posthaec.

84 1006 243 1047 narrar-a.
255 989 289 1041 13
379 986 415 1039 Et
433 989 533 1040 sextus
548 986 673 1055 Angelus
692 985 763 1041 tuba
776 986 893 1040 cecinit:
914 988 944 1040 et
960 984 1053 1039 audivi
1117 1042 1118 1063 χ

308 1083 407 1122 vocem
438 1082 525 1121 unam
557 1083 593 1121 ex
625 1069 761 1137 quattuor
788 1065 922 1119 cornibus
956 1067 1053 1121 altaris
1117 1074 1118 1141 ἦ

142 1162 174 1197 on
187 1166 244 1206 ran.
256 1148 290 1201 14
309 1148 403 1215 aurei,
431 1147 507 1217 quod
531 1151 577 1202 est
600 1151 667 1202 ante
686 1147 783 1202 oculos
801 1146 871 1213 Dei,
891 1146 897 1185 ¹
913 1146 1053 1201 dicentem

84 1208 111 1241 Μ
121 1209 244 1297 ¹’''³⁰1'0‚¹1‘3:
308 1231 391 1283 sexto
401 1229 518 1297 Angelo‚
533 1228 582 1297 qui
596 1228 723 1283 habebat
737 1227 853 1283 tubam:
874 1226 961 1282 Solve
975 1232 1054 1298 quat·

309 1311 374 1362 tuor
384 1310 509 1377 angelos,
519 1310 568 1377 qui
579 1309 688 1378 alligati
702 1313 769 1365 sunl
783 1309 812 1363 in
826 1308 942 1363 flumine
952 1325 1053 1377 magno

169 1406 245 1446 ειη-ιε.
257 1387 290 1440 15
309 1388 462 1457 Euphrate.
508 1388 545 1444 Et
573 1391 660 1444 soluti
687 1394 755 1444 sunt
782 1392 920 1459 quattuor
947 1388 1053 1457 Angeli,

309 1470 357 1539 qui
376 1470 471 1539 parati
489 1474 572 1525 erant
590 1472 619 1524 in
638 1470 752 1536 horam,
771 1473 801 1523 et
819 1468 907 1536 diem,
932 1474 962 1523 et
980 1486 1054 1522 men·
1118 1460 1119 1469 ¹

308 1565 379 1617 sem,
398 1552 562 1605 alannum:
583 1554 615 1605 ut
634 1550 795 1605 occiderent
814 1549 930 1603 tertiam
944 1554 1053 1619 partein

257 1628 289 1681 16
308 1631 462 1686 hominurn.
507 1631 544 1685 Et
575 1647 709 1686 numerus
743 1628 884 1699 equestris
913 1630 1053 1684 exercitus

309 1712 397 1766 vicies
415 1712 517 1765 millies
532 1710 607 1765 dena
621 1711 716 1766 millia.
746 1710 783 1765 Et
797 1708 893 1764 audivi
907 1726 1053 1764 numerum

256 1790 288 1841 17
309 1809 414 1847 eorum.
451 1792 487 1846 Et
506 1792 547 1846 ita
565 1791 624 1845 vidi
643 1808 732 1860 equos
758 1791 787 1847 in
806 1790 932 1844 visione:
956 1792 986 1845 et
1008 1790 1053 1859 qui

308 1873 449 1928 sedebant
468 1888 555 1941 super
574 1888 637 1940 eos,
660 1871 807 1926 habebant
825 1870 929 1925 loricas
948 1871 1053 1939 igneas,

309 1958 338 2008 et
351 1952 561 2022 hyacinthinas,
577 1956 606 2006 et
620 1952 799 2021 sulphureas
814 1955 844 2007 et
858 1950 956 2023 capita
971 1966 1053 2021 equo-

308 2051 371 2088 rum
396 2038 479 2089 erant
503 2037 652 2101 tamquam
682 2033 779 2102 capita
806 2034 935 2089 leonum:
964 2039 994 2089 et
1020 2033 1054 2086 de

308 2130 357 2168 ore
367 2130 465 2169 eorum
479 2112 609 2183 procedit
623 2113 707 2182 ignia,
723 2117 752 2168 et
766 2114 870 2182 furnus
886 2120 915 2171 et
929 2114 1053 2184 sulphur.

256 2189 289 2241 18
308 2194 345 2250 Et
364 2193 400 2248 ab
419 2194 464 2248 his
482 2194 575 2248 trihus
593 2193 687 2263 plagis
707 2194 802 2249 occisa
821 2199 866 2250 est
885 2195 972 2251 tertia
989 2210 1054 2263 pars

308 2275 454 2329 hominum
468 2274 503 2329 de
518 2274 593 2344 igne,
604 2277 633 2329 et
643 2273 679 2329 de
690 2273 777 2343 furno,
788 2278 817 2330 et
827 2275 971 2345 sulphure,
982 2290 1055 2344 quae

255 2349 288 2401 19
307 2354 501 2423 procedebant
526 2354 561 2409 de
585 2371 634 2409 ore
653 2354 788 2424 ipsorum.
825 2355 962 2411 Potestas
981 2354 1055 2410 enim

308 2450 445 2503 equorum
458 2434 487 2488 in
502 2450 550 2489 ore
565 2451 664 2491 eorum
679 2439 732 2503 est,
749 2439 778 2490 et
792 2435 820 2489 in
835 2436 935 2490 caudis
950 2451 1055 2489 eorum.

307 2530 374 2569 nam
382 2514 491 2570 caudae
499 2531 597 2571 eorum
604 2516 712 2572 similes
720 2516 1056 2585 serpentibushabentes

361 2656 386 2691 10
397 2670 420 2681 —
431 2651 502 2693 erant
516 2648 603 2703 [filu
620 2650 625 2702 Ι
643 2648 761 2695 aaudibns
776 2650 801 2690 Β
817 2649 913 2702 (cauda)
932 2650 936 2702 Ι
956 2651 1018 2693 -et
1030 2648 1056 2691 3⁰

307 2718 330 2754 11
345 2713 438 2756 habent
447 2713 489 2765 ΡΙ
506 2712 649 2764 angelornm
658 2711 691 2753 A¹
707 2712 710 2765 Ι
729 2712 856 2756 hebraeice
868 2710 909 2765 ξι
924 2711 997 2764 (-ioae
1010 2712 1056 2763 ΕΙ)

307 2774 402 2818 ebroico
416 2775 439 2814 A
463 2777 468 2826 ι
494 2795 517 2807 -
533 2776 615 2819 antem
628 2777 654 2815 F
677 2776 680 2827 l
706 2772 810 2828 apollion
824 2776 877 2817 AF
899 2776 903 2829 Ι
928 2775 1016 2819 stlat.
1042 2776 1046 2826 Ι

309 2858 332 2870 -
347 2838 404 2880 hab.
420 2847 483 2880 nom.
501 2838 527 2876 F
543 2837 618 2881 habet
631 2849 696 2881 nom.
713 2835 779 2890 {CA
822 2844 849 2881 12
863 2858 887 2872 -
905 2840 930 2882 et
947 2838 1060 2892 [ΜΔΕ

308 2905 421 2942 reanum
445 2901 449 2951 Ι
475 2900 629 2950 -quattuor
668 2905 694 2942 14
706 2899 782 2943 habet
796 2900 829 2939 A¹
850 2901 853 2949 Ι
876 2900 975 2944 Eufrate
991 2901 1060 2954 {AF

308 2967 334 3002 ro
349 2982 372 2994 -
382 2961 415 3004 Et
423 2960 450 3003 2⁰
486 2967 512 3003 17
525 2962 644 3005 habentes
656 2962 660 3015 l
672 2961 826 3014 hyacintinas
837 2962 881 3015 ss
893 2963 998 3007 laolntlr·
1007 2965 1032 3003 A
1044 2964 1047 3013 l

308 3022 450 3075 sulphoreae
464 3024 487 3063 A
508 3025 512 3074 1
528 3023 639 3076 ipsorum
660 3024 664 3077 Ι
686 3024 784 3077 sulphor
797 3026 823 3065 F
869 3030 933 3067 18-
949 3026 982 3069 Et
996 3026 1023 3067 1⁰
1043 3028 1046 3078 Ι

308 3104 333 3117 ·-
348 3085 378 3128 do
392 3085 418 3126 2⁰
443 3087 446 3135 Ι
472 3084 583 3136 sulphore
597 3088 621 3129 A
647 3087 651 3137 Ι
677 3086 717 3138 qui
730 3086 877 3139 procedebat
891 3098 919 3129 ex
961 3094 986 3131 1⁹
1000 3098 1057 3131 nam

307 3147 333 3189 et
347 3148 371 3186 A
395 3149 399 3198 Ι
425 3147 494 3188 caud.
510 3146 605 3189 illorum
620 3150 646 3187 F

651 3226 702 3271 ao·
