2275 3434
277 165 396 221 ACTVS
418 166 700 223 APOSTOLORVM.
746 168 906 235 ⁸21,30-40.

104 326 241 395 quoniam
274 327 302 381 in
335 328 471 396 templum
503 327 711 386 introduxisset
738 327 853 382 Paulus.

105 406 314 475 Commotaque
342 412 387 461 est
414 408 516 462 civitas
544 410 622 474 tota,
649 411 679 462 et
704 408 784 462 facta
809 413 855 462 est
873 410 976 469 332222.

105 486 256 541 concursio
275 487 380 555 populi.
408 487 445 542 Et
463 488 711 558 apprehendentes
725 488 854 555 Paulum,

105 566 260 621 trahebant
276 584 340 623 eum
355 571 436 623 extra
450 568 602 637 templum:
621 572 652 623 et
665 568 765 623 statim
779 569 854 621 clau-

105 664 155 701 sae
184 650 253 701 sunt
279 648 390 702 ianuae.
429 647 639 717 Quaerentibus
667 652 764 703 autem
790 664 854 702 eum
873 650 906 701 31

106 726 250 794 occidere,
285 728 451 783 nunciatum
486 732 532 783 est
566 729 681 784 tribuno
713 729 853 783 cohortis:

107 807 179 876 Quia
198 810 262 863 tota
280 807 464 864 confunditur
482 809 644 863 Ierusalem.
681 808 735 877 Qui
755 808 854 863 statim
873 811 908 861 32

105 888 264 957 assumptis
280 888 427 956 militibus
447 893 475 943 et
490 888 713 955 centurionibus,
730 887 855 943 decurrit

106 967 142 1021 ad
168 968 242 1023 illos
289 968 342 1037 Qui
371 985 436 1022 cum
463 967 605 1023 vidissent
632 968 793 1036 tribunum,
825 973 855 1023 et

105 1048 219 1114 milites
239 1052 425 1103 cessaverunt
443 1052 592 1117 percutere
611 1049 740 1102 Paulum.
774 1048 855 1103 Tunc
873 1051 909 1101 33
920 1072 947 1103 ιι.
958 1072 1016 1112 aaa

106 1127 246 1183 accedens
265 1129 397 1183 tribunus
416 1128 606 1198 apprehendit
625 1145 703 1196 eum,
722 1131 752 1183 et
770 1129 854 1184 iussit

106 1224 169 1262 eum
196 1208 306 1277 alligari
326 1209 436 1263 catenis
455 1208 583 1265 duabus:
609 1212 639 1263 et
657 1209 854 1278 interrogabat

106 1289 170 1358 quis
189 1292 276 1355 esset,
295 1291 325 1343 et
343 1287 411 1358 quid
430 1289 555 1344 fecisset.
587 1289 643 1343 Alii
661 1294 758 1344 autern
777 1289 853 1344 aliud
873 1293 908 1343 34

105 1370 271 1423 clamabant
290 1370 318 1423 in
336 1369 429 1424 turba.
462 1369 499 1423 ut
518 1386 582 1424 curn
600 1387 658 1425 non
676 1372 776 1439 posset
795 1386 854 1425 cer-

105 1452 165 1503 tum
184 1465 358 1518 cognoscere
373 1465 443 1518 prae
457 1451 590 1517 tumultu,
609 1450 694 1505 iussit
709 1449 774 1504 duci
789 1467 854 1505 eum

104 1530 132 1583 in
147 1534 253 1584 castra.
279 1530 315 1583 Et
330 1546 394 1583 curn
409 1530 536 1585 venisset
551 1529 588 1584 ad
601 1529 718 1599 gradus,
733 1530 854 1599 contigit
873 1532 907 1583 35

105 1615 136 1665 ut
159 1613 324 1679 portaretur
343 1627 360 1665 a
378 1610 516 1665 militibus
534 1615 653 1680 propter
670 1611 728 1665 vim
746 1611 852 1680 populi.

105 1690 287 1759 Sequebatur
310 1691 384 1745 enirn
403 1690 555 1746 multitudo
574 1691 685 1760 populi,
710 1691 852 1745 clamans:
872 1694 906 1743 36
916 1713 975 1753 2222.
990 1712 1074 1752 caps.
1129 1753 1131 1762 Ι

105 1770 182 1825 Tolle
215 1786 288 1824 eum.
355 1770 389 1825 Et
423 1787 487 1826 cum
520 1771 664 1841 coepisset
695 1770 791 1825 induci
823 1771 852 1824 in
871 1773 906 1823 37
1129 1829 1131 1836 ,

106 1855 200 1906 castra
225 1850 347 1917 PauluS,
376 1850 445 1906 dicit
472 1852 604 1905 tribuno:
633 1850 665 1905 Si
692 1851 759 1905 licet
784 1850 853 1905 mihi
1129 1851 1131 1926 ξ

106 1931 179 2001 loqui
219 1931 326 1999 aliquid
359 1931 396 1986 ad
427 1933 479 1985 te?
530 1931 585 2000 Qui
618 1930 706 1985 dixit:
744 1929 853 1985 Graece
1129 1931 1131 1976 Ι

110 2011 199 2065 nosti?
238 2011 336 2065 Nonne
355 2015 388 2065 tu
407 2028 438 2065 es
457 2010 625 2079 Aegyptius,
646 2011 695 2079 qui
714 2015 781 2065 ante
799 2011 853 2065 hos
871 2014 992 2075 38³,aaa

110 2088 163 2145 dics
190 2092 345 2145 tumultum
368 2091 535 2157 concitasti,
561 2094 591 2145 et
614 2090 739 2145 eduxisti
757 2090 785 2144 in
805 2090 853 2145 de·

106 2175 212 2227 sertum
241 2175 377 2240 quattuor
402 2171 490 2226 millia
514 2172 640 2225 virorum
665 2171 852 2226 sicariorum?

104 2250 139 2305 nt
171 2250 246 2305 dixit
274 2250 311 2305 ad
339 2268 403 2306 eum
431 2252 555 2306 Paulus:
589 2250 648 2319 Ego
676 2251 760 2305 homo
788 2267 852 2305 sum
871 2257 963 2315 tltan.

103 2331 219 2401 quidem
233 2331 355 2386 Iudaeus
371 2350 388 2387 a
400 2332 509 2388 Tharsa
525 2332 651 2398 Ciliciae,
665 2348 722 2387 non
736 2331 852 2400 ignotae

103 2411 230 2467 civitatis
249 2412 404 2482 municeps.
442 2413 521 2483 Rogo
541 2416 637 2468 autem
656 2416 699 2479 te,
717 2412 852 2481 permitte
875 2483 878 2487 Δ

102 2492 171 2547 mihi
197 2491 275 2561 loqui
300 2491 338 2546 ad
360 2494 505 2562 populum.
542 2494 579 2549 Et
601 2492 973 2561 cumillepermi·401a,1a

102 2572 199 2640 sisset,
218 2572 325 2627 Paulus
344 2576 425 2628 stans
441 2574 470 2628 in
485 2574 631 2643 gradihus
650 2573 751 2628 annuit
764 2589 851 2627 manu

156 2874 183 2911 32
197 2867 333 2911 decucurrit

156 2946 183 2981 33
198 2960 220 2971 -
236 2950 290 2983 enm
304 2936 330 2981 2⁰

156 3017 183 3054 3⁷
197 3009 257 3055 dixit
270 3014 279 3061 ]
294 3011 352 3065 Η-
366 3008 389 3053 ei

157 3088 184 3125 33
198 3082 219 3137 2
233 3082 310 3127 tarso
335 3082 339 3135 1
365 3080 476 3137 Ciliciae,
491 3086 499 3131 ]
515 3102 555 3136 -,

465 3206 506 3260 369
