2275 3434
250 141 324 204 933-
345 145 393 193 33.
490 139 688 194 SECVNDVM
716 135 848 193 LVGAll.

305 301 330 354 si
363 301 488 356 lucretur
519 301 683 355 unirersrun
712 299 863 365 mrmdum,
897 318 934 355 se
970 307 1075 355 auten:

305 381 401 450 ipsum
427 380 545 451 perdat,
579 386 608 436 et
636 380 837 435 detrimentum
870 381 918 434 sui
951 380 1075 437 faciat?

145 465 286 522 altram&
306 461 378 516 Nam
403 462 452 531 qui
477 479 523 516 me
548 461 708 528 erubuerit,
735 464 765 516 et
788 477 866 514 meos
892 456 1092 517 sermonem*

305 542 382 596 hunc
406 542 495 596 Filius
523 542 645 596 hominis
675 543 825 596 erubescet
853 557 921 596 curn
951 546 1073 598 venerit

306 623 334 677 in
362 623 515 677 maiestate
543 639 611 689 sua,
640 627 669 677 et
694 623 804 688 Patn'S,
832 627 862 677 et
890 627 1072 679 sanctorum

251 706 285 756 27
306 703 480 772 angelonrm.
525 703 595 757 Dico
629 707 724 758 autem
758 703 839 757 robis
872 719 962 758 rere:
1005 712 1070 759 sunl

306 782 393 852 aliqui
411 782 458 837 hic
477 787 598 851 stantes
617 783 742 853 quinon
758 783 916 852 gustabunt
938 791 1070 840 mortem

306 863 397 918 donec
415 863 533 919 videant
551 880 670 933 regnum
690 863 751 918 Dei.

126 951 235 1030 {2333
252 947 286 996 23
377 943 497 999 Factum
523 949 567 999 est
591 949 688 999 autem
710 948 777 1015 post
796 944 867 998 haec
886 945 984 1000 verba
1011 949 1069 1001 fere

135 1017 242 1083 narb-al
307 1023 367 1078 dies
387 1029 465 1092 octo,
490 1030 519 1079 et
538 1025 695 1094 assumpsit
714 1025 843 1091 Petrum,
863 1028 892 1079 et
910 1023 1067 1081 Iacobum

307 1109 336 1158 et
350 1104 492 1172 Ioannem,
512 1108 542 1160 et
561 1104 691 1160 ascendit
710 1105 739 1158 in
758 1108 883 1160 montem
902 1108 937 1158 ut
955 1115 1065 1162 oraret.

143 1188 287 1243 abaco
307 1185 343 1238 Et
362 1184 440 1240 facta
460 1191 512 1255 est,
534 1185 602 1240 duni
621 1189 723 1253 oraret,
745 1186 856 1254 species
875 1186 980 1241 v'ultus
1003 1191 1065 1243 eiu>

92 1245 183 1290 ’ΨΜ
196 1248 244 1290 ¹⁰'¹'
307 1265 411 1319 altera:
440 1270 469 1321 et
496 1266 619 1321 vestitus
648 1266 708 1320 eius
737 1266 819 1320 albus
845 1269 874 1320 et
898 1265 1063 1337 refulgens.

253 1347 289 1398 30
309 1345 361 1399 'Et
375 1362 442 1400 ecce
456 1347 512 1402 duo
527 1347 581 1401 viri
600 1348 789 1415 loquebantur
803 1363 867 1401 curn
881 1345 937 1400 illo.
970 1348 1061 1403 Erant

109 1444 137 1476 a.
150 1431 285 1485 2121,n.31
307 1429 403 1481 autem
421 1427 549 1496 Moyses,
576 1431 605 1481 et
624 1427 716 1494 Elisa,
732 1429 737 1466 ¹
754 1426 807 1481 visi
832 1427 860 1480 in
884 1426 1062 1484 maiestate:

307 1510 335 1561 et
354 1506 488 1562 dicebant
505 1524 655 1562 excessum
670 1507 740 1574 eiuS,
759 1524 844 1576 quem
859 1507 1061 1576 completura<

106 1606 142 1636 aa
154 1605 241 1645 rac-10.
252 1592 287 1642 32
306 1592 368 1642 erat
392 1586 421 1643 in
439 1588 603 1643 Ierusalem.
640 1588 743 1643 Petrus
763 1603 842 1655 vero,
868 1591 897 1641 et
921 1589 973 1657 qui
994 1607 1060 1645 cum

169 1647 241 1690 ’ψ’
306 1669 352 1723 illo
381 1672 477 1735 erant,
504 1668 618 1738 gravati
647 1672 729 1723 erant
757 1685 864 1723 somno
902 1667 939 1722 Et
969 1671 1061 1740 evigi-

305 1749 398 1803 lantes
431 1748 563 1804 viderunt
595 1749 777 1804 maiestatem
810 1748 886 1814 eiuS,
921 1752 950 1803 et
984 1749 1059 1805 duos

252 1834 286 1884 33
305 1828 398 1896 viros,
424 1829 472 1898 qui
498 1830 616 1884 stabant
642 1846 706 1884 cum
732 1829 786 1884 illo.
823 1829 860 1883 Et
878 1828 992 1884 sactum
1012 1838 1056 1886 est

306 1925 370 1962 cum
389 1908 569 1964 discederent
589 1909 624 1964 ab
645 1910 701 1976 illo,
721 1910 762 1963 ait
775 1909 878 1963 Petrus
894 1907 931 1962 ad
945 1909 1056 1965 Iesum:

305 1989 492 2058 Praeceptor,
517 1990 624 2044 bonum
650 1993 696 2044 est
718 2007 771 2043 nos
790 1989 836 2044 hic
856 2005 934 2043 esse:
962 1995 993 2046 et
1014 1991 1056 2045 fa·

305 2069 413 2124 ciamus
433 2071 489 2125 tria
506 2070 701 2138 tabernacula,
720 2087 808 2123 unum
824 2069 896 2135 Tibi,
916 2073 946 2124 et
964 2087 1052 2125 unum

304 2149 408 2218 Moysi,
428 2154 457 2205 et
474 2168 563 2205 unum
582 2151 672 2216 Eliae:
697 2149 828 2205 nesciens
848 2149 917 2220 quid
936 2148 1052 2206 diceret.

251 2235 286 2284 34
304 2228 384 2284 Haec
402 2235 499 2286 autem
517 2232 563 2286 illo
583 2232 725 2300 loquente,
746 2230 825 2285 facta
842 2233 887 2284 est
902 2229 1003 2300 nubes,
1024 2238 1050 2286 et

304 2309 486 2367 obumbravit
501 2329 563 2366 eos:
584 2315 613 2365 et
627 2311 791 2378 timuerunt,
808 2309 981 2365 intrantibus
997 2312 1050 2366 illis

192 2406 239 2447 au·
251 2395 284 2446 35
304 2390 333 2444 in
351 2390 464 2445 nubem.
496 2392 533 2446 Et
552 2409 609 2445 vox
628 2390 707 2445 facta
726 2394 771 2446 est
785 2390 821 2445 de
835 2390 919 2458 nube,
939 2389 1048 2447 dicens:

250 2477 284 2526 36
304 2469 358 2524 Hic
372 2474 416 2525 est
431 2471 518 2525 Filius
533 2487 615 2525 meus
631 2469 760 2538 dilectus
775 2473 869 2541 ipsum
886 2470 989 2526 audite.
1015 2473 1048 2527 Et

304 2550 371 2604 dum
391 2554 471 2606 tieret
491 2569 555 2618 vox,
576 2550 708 2604 inventus
729 2557 773 2606 est
792 2553 871 2605 lesus
892 2552 976 2606 solus,
1013 2554 1045 2607 Et

355 2879 381 2917 2⁷
395 2883 453 2931 vere
465 2888 512 2915 cum
525 2888 574 2926 seqq
588 2877 635 2916 conl

356 2961 383 2996 28
398 2958 420 3003 >
436 2953 485 2997 ioh.
500 2955 525 2997 et
538 2954 617 2998 iacob.

356 3041 382 3077 aa
395 3034 487 3079 raecum
512 3023 530 3087 l‘
542 3055 565 3067 -
582 3037 606 3077 a.
619 3035 646 3077 ar
668 3035 670 3044 ⁴

356 3121 382 3156 ua
398 3136 421 3146 -
437 3117 507 3158 erant
523 3116 547 3156 1⁰

649 3193 688 3236 174
