2275 3434
277 146 476 203 SECVNDVM
501 144 676 201 ΙΟΑΝΝΕΜ,
748 144 891 211 tio-22.

93 310 189 365 mulier
207 310 256 364 illa
276 308 473 365 sumantana:
498 305 646 377 Quomodo
665 308 698 360 tu
716 304 839 360 Iudaeus

97 408 154 445 oum
172 390 223 457 sis,
241 390 340 445 bibere
356 406 432 443 ame
447 388 553 457 poscis
572 403 646 456 quae
660 403 725 440 sum
739 385 840 439 mulier

98 470 294 526 &montanai
321 486 377 525 non
403 468 478 523 enim
498 469 654 523 coutuntur
672 466 770 521 Iudaei
789 465 841 519 Sa·

97 552 248 607 maritanis
287 549 446 619 Respondit
468 549 562 615 testie,
589 553 620 603 et
644 547 716 602 dixit
742 547 782 601 ei:
810 545 841 600 Si
861 547 895 598 10
905 566 982 609 rpem.

96 632 179 687 scires
197 631 306 687 donum
324 630 387 697 Dei,
410 632 440 683 et
458 629 523 699 quis
543 632 597 695 est,
616 628 666 697 qui
684 628 754 683 dicit
772 626 840 681 tibi:

95 713 141 766 Da
162 712 229 767 mihi
254 712 369 767 bibere:
396 713 428 764 tu
452 709 575 764 forsitan
597 708 723 778 petisses
742 709 778 763 ab
798 724 841 773 eo,

96 797 127 847 et
140 792 264 847 dedisset
277 791 331 845 tibi
345 808 450 860 aquam
464 790 568 844 vivam.
595 789 672 843 Dicit
686 790 713 843 ei
727 788 841 843 mulier:
862 789 894 840 ll

96 874 225 940 Domine,
249 888 342 941 neque
360 870 390 925 in
410 887 465 940 quo
484 870 601 925 haurias
620 870 724 936 habes,
744 873 773 923 et
791 887 842 938 pu·

96 958 157 1008 teus
183 955 259 1009 altus
285 955 345 1008 est:
370 951 446 1006 unde
472 968 540 1020 ergo
563 951 655 1005 hebes
679 967 783 1020 aquarn
802 950 842 1003 vi·*

98 1036 178 1089 narn?
222 1032 368 1103 Numquid
395 1036 428 1087 tu
454 1031 546 1087 maior
574 1048 605 1085 es
633 1035 716 1100 putre
744 1034 842 1087 nostro
863 1032 954 1089 iheu.

100 1116 186 1182 boob,
208 1114 257 1184 qui
278 1113 357 1169 dedit
375 1112 458 1167 nobis
477 1116 606 1181 puteum,
625 1112 735 1181 etipse
754 1128 843 1167 exeo

96 1196 173 1263 bibit,
194 1198 225 1251 et
243 1194 294 1249 filii
312 1193 382 1260 eius,
402 1196 432 1247 et
450 1208 555 1261 pecora
574 1192 657 1247 eius?
684 1192 844 1261 Respondit
864 1192 896 1243 13
906 1210 954 1252 uu.

95 1277 187 1343 Iesus,
213 1278 243 1329 et
262 1274 334 1329 dixit
352 1273 392 1328 ei:
419 1272 535 1339 Omnis,
554 1273 604 1341 qui
622 1272 696 1327 bibit
714 1289 750 1327 ex
769 1290 844 1342 aqua

95 1357 154 1424 hac,
174 1354 256 1411 sitiet
274 1355 391 1409 iterum:
412 1353 460 1423 qui
480 1356 577 1407 autem
589 1353 696 1407 biberit
710 1370 746 1408 ex
759 1370 843 1423 aqua,
864 1353 898 1404 14
907 1372 988 1415 eaxan

97 1454 180 1507 quam
206 1452 261 1505 ego
287 1434 362 1489 dabo
386 1434 427 1501 ei,
453 1451 510 1489 non
533 1434 613 1488 sitiet
632 1434 661 1489 in
681 1438 843 1489 aeternum:
930 1417 1017 1488 ⁷7⁸''⁸⁹'

98 1518 144 1573 sed
164 1530 365 1586 aqua,·quu1n
384 1531 437 1584 ego
457 1514 531 1569 dabo
551 1513 590 1581 ei,
608 1514 659 1570 fiet
677 1514 707 1568 in
725 1531 760 1570 eo
778 1515 844 1569 fons

97 1613 187 1668 aquae
213 1595 344 1651 salientis
363 1595 392 1649 in
410 1595 501 1649 vitam
520 1598 676 1650 aeternnm.
713 1595 789 1649 Dicit
808 1594 844 1650 ad
865 1594 898 1646 15

97 1696 158 1733 eum
183 1676 300 1731 mulier':
326 1675 461 1742 Domine,
488 1674 526 1729 da
550 1675 620 1729 mihi
639 1676 713 1729 hanc
731 1693 844 1745 aquam,

95 1763 126 1814 ut
152 1774 211 1813 non
241 1756 350 1811 sitiam:
379 1772 472 1825 neque
499 1756 613 1810 veniam
639 1756 696 1811 huc
722 1757 844 1811 haurire.

98 1839 171 1894 Dicit
194 1838 222 1893 ei
241 1837 337 1891 Iesus:
362 1836 457 1902 Vade,
483 1854 555 1891 voca
578 1837 671 1891 virum
693 1840 790 1904 tuum,
817 1840 846 1891 et
865 1838 899 1889 16

101 1919 159 1974 veni
183 1920 250 1973 huo.
291 1916 450 1986 Respondit
474 1917 591 1985 mulier,
617 1921 647 1971 et
671 1917 756 1972 dixit:
782 1918 845 1972 Non
866 1919 898 1970 17

104 1999 185 2055 hobeo
214 1998 316 2052 virum.
354 1997 431 2052 Dicit
459 1998 485 2052 ei
511 1998 606 2052 lesus:
635 1998 713 2051 Bene
738 1998 845 2065 dixisti,

106 2079 248 2149 quianon
272 2078 365 2133 habeo
388 2078 495 2133 virum:
524 2079 649 2148 quinque
675 2078 750 2136 enim
769 2078 846 2132 viros
866 2079 905 2130 18ν

100 2160 237 2226 habuisti,
257 2161 287 2213 et
305 2175 394 2225 nuno,
413 2175 498 2228 quem
516 2159 620 2225 habeo,
639 2174 696 2213 non
715 2163 760 2212 est
779 2163 846 2212 tuus
1116 2197 1118 2206 .

96 2241 151 2297 vir:
177 2242 235 2296 hoc
260 2255 327 2294 vere
353 2238 459 2294 dixisti.
496 2238 575 2293 Dicit
600 2240 626 2293 ei
649 2238 764 2293 mulier:
791 2223 1049 2310 D0·l9i,1¹i.¹⁴c’²r⁴,‘n²{'.'
1116 2225 1118 2256 ³

95 2323 186 2389 mine,
220 2320 304 2375 video
333 2319 400 2389 quia
427 2320 573 2389 Propheta
601 2336 633 2374 es
660 2324 701 2374 tu.
744 2320 847 2373 Patres
865 2322 995 2378 ‘docens

95 2402 187 2457 nostri
220 2401 250 2455 in
283 2403 380 2454 monte
412 2400 466 2454 hoc
499 2399 706 2467 adoraverunt,
738 2403 767 2454 et
794 2416 848 2454 vos
911 2384 986 2417 Μ’

94 2482 208 2548 dicitis,
253 2479 321 2549 quia
357 2480 537 2549 lerosolymis
580 2483 626 2535 est
661 2481 756 2547 locus,
798 2479 848 2533 ubi

95 2563 219 2618 adorare
257 2564 378 2629 oportet
433 2560 511 2615 Dicit
547 2560 573 2615 ei
609 2561 706 2614 Iesus:
749 2560 849 2615 Mulier
866 2563 942 2615 21:210
954 2582 1012 2624 ripe.
1116 2625 1118 2636 Ι

95 2642 181 2698 crede
208 2640 292 2707 mihi,
318 2640 387 2710 quia
408 2640 487 2695 venit
512 2640 598 2707 hora,
623 2640 737 2710 wando
756 2656 849 2709 neque

95 2724 125 2777 in
151 2724 251 2777 monte
277 2721 346 2788 hoc,
371 2737 475 2791 neque·
490 2721 519 2774 in
543 2721 724 2791 ierosolymis
750 2720 849 2776 adora·

95 2802 168 2859 bitis
195 2801 320 2857 Putrem.
364 2801 422 2856 Vos
455 2800 582 2856 adoratis
610 2801 687 2871 quod
714 2802 847 2857 nescitis:
867 2806 1071 2903 22³{,¹³2⁸„¹'’³⁹’⁴¹·

153 2987 181 3025 14
195 2979 228 3034 (ὥ
242 2986 283 3024 inc.
298 2998 317 3024 v.
331 2981 375 3025 sod
389 2984 461 3033 aqua)

155 3060 181 3097 18
195 3056 282 3104 nuno]
298 3052 396 3107 &huno

155 3132 182 3169 20
195 3126 222 3169 in
234 3124 349 3171 hierosol.

465 3202 505 3249 239
