2275 3434
273 144 393 199 acnvs
416 144 698 205 nrosrononvn.
762 144 906 213 au-m:

110 309 202 359 autem
219 306 311 374 ilium,
338 305 414 375 quod
431 306 494 375 ipse
514 309 589 372 erat,
609 306 657 375 qui
676 304 713 359 ad
732 306 851 359 eleemo·
872 276 878 283 ⁸
903 319 906 329 ·

108 400 206 453 synam
225 385 345 441 sedebat
365 385 400 440 ad
421 385 588 454 Speciosam
606 388 719 456 portam
738 385 850 455 templi:

107 469 135 521 et
151 465 263 534 impleti
280 469 348 521 sunt
367 470 484 535 stupore
503 470 533 521 et
552 466 645 521 extasi
665 466 692 519 in
711 482 754 532 eo,
776 464 852 535 quod

16 544 17 547 ’
106 548 266 615 contigerat
281 546 328 601 illi.
402 546 473 601 Cum
490 550 601 603 teneret
615 550 712 601 autem
727 547 852 613 Petrum,
873 549 963 609 llam.

106 630 133 679 et
151 625 303 693 Ioannem,
329 627 451 682 cucurrit
478 627 570 682 omnis
596 628 718 696 populus
742 626 779 681 ad
802 643 852 682 eos

106 706 141 760 ad
160 706 311 775 porticum,
331 724 405 778 quae
424 708 586 777 appellatur
603 706 774 774 Salomonis,
793 710 852 762 stu·

104 791 213 855 pentes.
251 786 357 842 Videus
383 791 479 843 autem
498 787 616 854 Petrus,
639 786 790 857 respondit
816 787 852 842 ad
872 790 906 841 12

104 867 255 936 populum:
275 867 332 921 Viri
347 866 493 923 israelitae
508 867 577 937 quid
592 868 733 923 miramini
747 868 776 922 in
790 868 852 935 hoc,
919 880 922 885 '

105 951 153 1002 aut
176 964 230 1004 nos
250 947 319 1017 quid
336 947 500 1014 intuemini,
526 948 610 1017 quasi
628 951 728 1003 nostra
746 948 852 1003 virtute

105 1031 153 1082 aut
166 1031 315 1096 potestate
330 1028 482 1083 fecerimus
496 1028 572 1083 hunc
586 1030 750 1090 anibulare?
773 1029 852 1083 Deus
873 1031 906 1082 13
917 1049 945 1081 rx
955 1050 992 1091 aa.

104 1108 257 1175 Abraham,
277 1110 307 1163 et
320 1107 399 1163 Deus
413 1108 503 1174 isaac,
523 1112 553 1162 et
567 1108 646 1163 Deus
659 1108 754 1176 Iacob,
773 1109 852 1164 Deus
916 1094 1004 1180 ffi'm,
1015 1141 1074 1179 mn.

104 1192 217 1257 patrum
238 1192 400 1243 nostrorum
419 1188 590 1258 glorificavit
608 1189 697 1243 filium
713 1206 797 1244 suum
811 1190 852 1244 le·
915 1184 967 1225 '¹²⁸³
979 1185 1038 1226 Μ’·

104 1286 174 1336 sum,
192 1284 279 1338 quern
294 1286 345 1323 vos
360 1268 475 1338 quidem
489 1260 660 1337 tradidistis,
679 1273 708 1325 et
722 1271 851 1340 negastis

104 1352 168 1405 ante
189 1348 294 1403 faciem
309 1349 402 1417 Pilati,
421 1348 566 1405 iudicante
585 1350 633 1405 illo
652 1350 766 1405 dimitti.
794 1351 851 1406 Vos
871 1353 905 1404 14
916 1372 943 1405 m
954 1373 1043 1415 rama.

104 1433 199 1485 autern
215 1433 357 1496 sanctum,
373 1434 402 1484 et
417 1430 525 1485 iustum
540 1431 677 1499 negastis,
692 1434 722 1485 et
735 1432 851 1501 petistis
914 1418 972 1459 ²¹‘¹⁴·
985 1416 1066 1459 ¹³²³·

16 1526 17 1529 ¹
104 1510 193 1565 virum
209 1509 381 1565 homicidam
396 1510 495 1565 donari
509 1511 605 1565 vohis:
620 1514 851 1567 ‘auctoremvero
872 1515 905 1566 15
917 1535 965 1575 s,1o;
981 1502 1052 1575 ιμ’

16 1612 18 1633 ι
104 1590 178 1645 vitae
207 1590 411 1657 interfecistis,
440 1607 524 1660 quem
549 1590 629 1645 Deus
656 1592 809 1648 suscitavit
834 1610 851 1646 a

16 1710 18 1735 ,
103 1670 238 1739 mortuina,
265 1670 346 1725 cuius
365 1687 418 1726 nos
437 1674 527 1726 testes
547 1688 655 1727 sumus.
689 1672 729 1727 Et
747 1673 777 1727 in
795 1672 851 1728 fide
872 1677 904 1728 16

17 1810 18 1815 1
103 1750 225 1805 nominis
252 1750 329 1817 eiua,
357 1751 448 1817 hunc,
476 1768 560 1820 quem
587 1769 639 1807 vos
665 1752 794 1820 vidistis,
822 1758 852 1808 et

17 1876 18 1887 ,
103 1831 203 1899 nostis,
223 1830 403 1885 confirmavit
419 1847 522 1886 nomen
538 1832 614 1886 eius:
634 1837 663 1886 et
677 1833 757 1900 fides,
777 1850 851 1902 quae

17 1914 18 1969 t
104 1928 151 1979 per
169 1928 237 1966 eum
257 1914 310 1977 est,
331 1911 411 1966 dedit
429 1911 571 1981 integram
590 1912 746 1967 sanitatem
764 1914 850 1967 istam

17 1998 18 2039 t
103 1992 130 2045 in
166 1995 326 2061 conspectu
363 1992 488 2047 omnium
521 1995 657 2047 vestrum.
707 1992 744 2048 Et
775 2011 851 2047 nunc
873 1998 1050 2058 171⁸,at;17,s0.

915 1579 933 1611 u
944 1581 991 1620 spo.

915 2061 931 2093 n
941 2062 1000 2102 ease.

17 2082 19 2157 ὲ
104 2070 207 2127 fratres
240 2072 300 2126 scio
333 2073 400 2141 quia
433 2090 484 2142 per
511 2073 703 2142 ignorantiam
731 2073 850 2140 fecistis
915 2105 1009 2147 ,mg

104 2152 176 2207 sicut
195 2156 225 2208 et
244 2152 387 2222 principes
406 2154 505 2209 vestri.
541 2154 621 2208 Deus
640 2157 750 2220 autem,
776 2172 851 2222 quae
872 2160 1000 2218 mnam.

103 2232 320 2301 praenunciavit
346 2250 397 2302 per
424 2250 457 2289 os
486 2234 611 2289 omnium
637 2233 851 2303 prophetarum,

18 2310 20 2375 ᾗ
103 2314 162 2381 pati
176 2312 323 2368 Christum
338 2330 429 2381 suum,
445 2315 487 2369 sic
501 2314 638 2383 implevit.
662 2314 851 2369 Poenitemini
871 2321 904 2371 19
914 2338 961 2379 aas.

104 2392 203 2462 igitur,
229 2397 259 2448 et
282 2394 480 2449 convertimini
498 2397 535 2449 ut
559 2394 709 2450 deleantur
729 2398 850 2464 peccata

154 2706 180 2741 10
194 2698 309 2752 quoniam
322 2697 375 2751 ipse

154 2776 178 2813 11
193 2772 244 2814 ten.
260 2772 269 2820 1
286 2769 434 2825 §viderent
457 2770 462 2822 Ι
487 2769 610 2813 concurrit

154 2848 180 2885 12
193 2842 244 2897 pot.
258 2845 267 2892 ]
283 2840 376 2895 pietate

154 2920 180 2957 1⁶
195 2933 218 2945 -
233 2922 278 2957 vos
303 2912 307 2967 1
331 2912 422 2957 videtis

155 2991 180 3028 18
194 2982 300 3039 §diem
315 2984 355 3038 qui
379 2986 383 3037 Ι
410 2987 432 3035 >
448 2983 558 3040 implevit
572 2985 609 3030 sic

155 3062 180 3099 19
195 3058 217 3106 >
233 3056 316 3101 vestra
329 3057 431 3110 peccata

462 3199 503 3245 ³05
