2275 3434
269 172 389 227 AGTVS
413 129 706 229 APOSTOLORVMJ
743 175 901 241 luat-36.

96 333 231 387 manibus
248 335 328 387 liunt.
357 334 418 388 Non
433 335 524 389 solum
540 337 637 390 autem
651 335 723 394 haec
738 334 847 403 pericli·
866 339 901 389 27

96 414 207 469 tabitur
232 414 315 469 nobis
340 432 407 484 pars
432 415 462 469 in
487 415 718 485 redargutionem
741 414 847 481 venire,

96 494 147 549 scd
173 504 203 549 et
228 511 350 564 magnae
375 495 485 550 Dianae
510 497 648 565 templum
674 496 703 549 in
728 495 847 549 nihilum

96 574 291 644 reputabitur,
315 575 366 631 sed
390 580 419 630 et
441 575 550 631 destrui
572 575 691 646 incipiet
708 576 847 631 maiestas

96 654 172 723 eius,
202 671 289 725 quam
317 659 380 711 tota
407 655 491 724 Asia,
519 661 549 711 et
576 656 654 711 orbis
681 656 756 711 colit.
794 656 846 711 His
865 660 900 710 28

96 735 219 803 auditiS,
248 736 349 805 repleti
378 739 446 790 sunt
473 737 530 803 ira,
558 740 588 791 et
614 737 847 791 exclamaverunt

95 815 240 871 dicentes:
266 816 370 886 Magna
388 816 483 871 Diana
500 816 697 885 Ephesiorum.
717 816 771 874 ,Et
795 816 845 870 im·
864 821 899 871 29
909 836 960 876 nm
973 836 1032 877 ma.

94 898 170 966 plcta
189 902 236 952 est
255 896 357 951 civitas
377 896 553 964 confusione,
573 902 603 952 et
615 897 756 966 impetum
771 897 846 952 tece-

96 982 238 1033 mutuno
258 977 351 1032 animo
371 977 400 1031 in
418 977 577 1044 theatrum,
603 982 686 1047 rapto
706 977 792 1045 Gaio,
815 981 845 1032 et

97 1057 261 1112 Aristarcho
302 1057 521 1124 MacedonibuS‚
564 1058 717 1113 comitibus
754 1058 844 1113 Pauli.

97 1138 181 1192 Paulo
202 1141 300 1193 autem
318 1138 431 1192 volante
450 1138 557 1192 intrare
575 1137 606 1191 in
623 1139 769 1207 populum,
787 1154 844 1193 non
863 1144 898 1193 30

73 1218 287 1287 permiserunt
311 1217 451 1287 discipuli.
489 1217 612 1287 Quidam
637 1223 734 1273 autem
760 1223 789 1273 et
808 1217 844 1273 de
862 1224 895 1275 31

93 1298 178 1353 Asiae
197 1298 385 1367 principibus
404 1299 453 1368 qui
473 1303 554 1353 erant
570 1299 742 1365 amicicias,
760 1299 843 1353 miae·

92 1380 158 1433 runt
173 1376 212 1431 ad
226 1394 291 1432 eum
306 1381 441 1446 rogantes
455 1394 491 1432 ne
505 1394 537 1432 se
549 1377 630 1433 daret
644 1379 674 1433 in
685 1380 842 1435 theatrum:

94 1457 155 1513 'alii
172 1461 270 1513 autem
286 1458 362 1512 aliud
376 1458 548 1515 clamabant.
574 1459 644 1515 Erat
659 1459 734 1515 enim
748 1460 843 1515 Eccle-
861 1466 896 1517 32

92 1538 134 1593 sia
169 1537 309 1593 confusa:
342 1541 371 1593 et
403 1539 498 1608 plures
526 1540 695 1594 nesciebant
722 1557 779 1609 qua
807 1554 843 1595 ex

92 1634 182 1673 causa
201 1618 411 1674 convenissent.
439 1619 482 1673 De
501 1620 587 1674 turba
600 1624 697 1675 autem
712 1620 842 1678 detraxe·
861 1628 896 1678 33

92 1703 157 1755 mut
171 1697 373 1766 Alexandrum,
392 1700 618 1769 propellentibus
636 1717 702 1755 eum
720 1700 841 1755 Iudaeis.

93 1776 253 1834 Alexander
290 1782 386 1835 autem
422 1796 509 1834 manu
541 1780 655 1836 silentio
686 1782 842 1850 postulato,

93 1860 209 1915 volebat
234 1858 352 1915 reddere
377 1860 517 1915 rationem
542 1861 656 1929 populo.
694 1861 785 1930 Quem
809 1865 841 1917 ut
860 1869 895 1920 34

96 1942 289 2010 cognoverunt
314 1940 450 1995 Iudaeum
482 1956 562 2007 esse,
595 1957 651 1995 vox
679 1941 758 1995 facta
783 1958 842 1995 una

99 2024 137 2074 est
159 2020 305 2087 omnium,
330 2020 412 2090 quasi
436 2037 488 2089 per
511 2021 597 2075 horas
622 2020 694 2075 duas
718 2022 841 2076 claman-

98 2099 176 2155 tium:
211 2100 316 2169 Magna
348 2101 441 2155 Diana
468 2100 665 2169 Ephesiorum.
707 2101 744 2155 Et
776 2119 841 2156 cum
860 2109 894 2160 35

95 2180 225 2235 sedasset
253 2181 348 2235 scriba
372 2181 488 2248 turbae,
516 2180 602 2236 dixit:
632 2181 690 2235 Viri
715 2182 840 2251 Ephesii,

94 2260 153 2329 quis
174 2260 251 2315 enim
270 2265 316 2316 est
333 2261 487 2329 hominum,
508 2261 556 2330 qui
575 2261 687 2316 nesciat
704 2262 841 2331 Ephesio-

93 2358 152 2395 rum
172 2340 320 2396 civitatem
339 2341 485 2397 cultricem
504 2358 568 2397 esse
585 2358 707 2411 magnae
721 2342 840 2410 Dianae,

93 2420 223 2491 Iovisque
255 2421 363 2491 prolis?
410 2421 482 2477 Cum
514 2439 582 2493 ergo
610 2422 655 2476 his
683 2422 839 2478 contradici
858 2434 893 2484 36

93 2517 146 2555 non
165 2501 268 2571 possit,
290 2505 403 2571 oportet
421 2520 472 2557 vos
492 2503 609 2559 sedatos
629 2519 702 2571 esse,
722 2506 751 2558 et
769 2504 839 2558 nihil

144 2848 170 2884 31
185 2841 206 2896 ξ
222 2842 308 2887 darent
656 2894 658 2900 ,

145 2919 171 2957 33
185 2916 234 2959 aut.
249 2914 293 2965 2⁰]
309 2926 367 2969 argo
394 2917 397 2967 l
424 2920 446 2966 >
462 2918 508 2959 rat.
524 2917 624 2961 reddere

145 2992 170 3029 34
185 2990 207 3037 >
223 2988 262 3031 est
275 2998 324 3031 una
