2275 3434
240 160 401 226 talu-al.
478 162 678 217 SECVNDVM
704 161 836 216 LVGAM.

292 321 422 388 vocavit,
446 322 615 394 dicatffubi:
642 323 688 376 Da
706 321 772 376 huic
791 324 899 376 locum:
920 324 956 374 'et
974 323 1044 375 tunc

291 401 413 470 incipias
430 419 494 457 cum
509 401 813 457 ruborenovissimum
827 402 922 456 locum
937 405 1043 455 tenere.

239 485 273 536 10
291 481 344 536 sed
370 498 435 536 oum
461 487 581 537 vocatus
608 483 713 550 fueris,
738 481 827 549 vade,
854 481 991 535 recumbe
1016 482 1043 534 in

291 563 448 618 novissimo
474 564 550 618 loco:
578 567 625 631 ut,
652 580 717 617 cum
742 563 854 617 venerit
880 563 929 631 qui
955 566 986 616 te
1004 562 1043 615 in-

291 644 410 710 vitavi,
383 643 515 698 tdieat
533 645 601 698 tibi:
628 644 738 711 Amice,
758 642 882 698 ascende
901 643 1043 712 superius

292 724 372 778 'l'unc
391 724 445 778 erit
464 724 517 779 tibi
535 725 627 815 gloria
646 741 742 779 coram
762 724 846 778 simul
863 723 1046 777 discumben

69 822 125 861 nn
136 820 227 864 utum
240 809 271 859 11
291 805 384 858 tibus:
423 805 490 873 quia
510 805 618 871 omnia,
644 805 693 873 qui
712 819 743 858 se
763 805 887 870 exaltat,
860 788 1077 857 111]ῐηί113444
1061 842 1068 866 ⁵

239 889 273 940 12
292 885 383 938 bitur:
408 888 438 938 et
457 885 505 954 qui
525 902 556 939 se
576 885 720 951 humiliat,
740 883 878 938 exaltabit
866 886 920 937 t.ur
997 883 1059 936 Du.
1056 887 1075 913 ¹*

292 965 378 1019 cebet
403 968 499 1020 autem
519 965 608 1032 etei,
635 965 683 1034 qui
704 981 736 1019 se
755 964 944 1019 invitaverat:
972 944 1072 1017 (1111114

293 1045 365 1100 facis
385 1045 547 1115 prandium,
567 1049 617 1100 aut
636 1061 764 1111 coenam,
783 1045 841 1099 noli
855 1059 960 1098 vocare
975 1044 1047 1098 ami-

293 1142 342 1179 cos
362 1129 437 1192 tuos,
455 1143 549 1196 neque
568 1126 675 1181 fratres
692 1128 767 1191 tuos,
786 1141 878 1194 neque
894 1130 1047 1194 cognatae,

293 1223 385 1276 neque
412 1207 522 1262 vicinos
550 1206 672 1261 divites:
705 1222 741 1262 ne
770 1207 845 1261 forte
872 1208 901 1260 te
931 1209 960 1260 et
987 1207 1046 1275 ipsi

132 1302 159 1336 οι
171 1303 228 1345 uar-
240 1291 274 1342 13
293 1287 463 1354 reinvitent,
492 1291 521 1342 et
547 1288 600 1341 fiat
625 1287 678 1342 tihi
703 1286 862 1342 retributio.
900 1286 952 1341 sed
979 1303 1046 1342 cum

293 1367 366 1420 facis
381 1367 552 1433 convivium,
571 1384 643 1421 voca
657 1383 809 1436 pauperes
829 1366 948 1434 debiles,
968 1368 1043 1421 clau·
1110 1363 1111 1404 l

154 1463 228 1506 rau.
240 1452 275 1503 14
293 1447 360 1515 dos,
389 1452 418 1502 et
447 1464 562 1503 caecos:
602 1452 631 1502 et
657 1448 762 1503 beatus
790 1448 861 1515 eriS,
890 1447 959 1516 quia
987 1465 1043 1502 non

292 1527 400 1582 habent
413 1529 571 1583 retribuere
585 1528 650 1582 tibi:
669 1527 842 1583 retribuetur
856 1528 932 1582 enim
945 1527 999 1582 tibi
1015 1529 1046 1582 in

170 1625 228 1667 nar.
240 1614 273 1665 15
292 1609 499 1663 resurrectione
518 1609 667 1663 iustorum.
736 1609 816 1663 Haeo
832 1625 896 1663 cum
913 1609 1045 1663 audisset

292 1688 409 1758 quidam
434 1689 470 1743 de
496 1689 580 1744 simul
604 1688 865 1780 discumbentibus,
891 1687 965 1744 dixit
988 1689 1044 1743 illi:

292 1769 410 1836 BeatuS,
429 1770 478 1838 qui
496 1769 683 1824 manducabit
701 1785 806 1839 panem
825 1769 854 1822 in
873 1785 961 1837 regno
980 1769 1041 1822 Dei.

123 1847 165 1881 ¹⁰·
166 1847 204 1882 ²⁴·
240 1856 273 1906 16
292 1849 355 1904 At
348 1865 410 1918 lpse
429 1848 502 1903 dixit
490 1851 562 1904 tei·
587 1850 678 1904 Homo
698 1849 815 1918 quidam
835 1848 903 1902 fecit
923 1842 1077 1922 coenam¹⁸¹

100 1893 197 1935 444444
181 1894 227 1925 ’44
239 1938 272 1988 17
292 1945 435 1998 magnam,
454 1934 484 1985 et
501 1930 617 1985 vocavit
635 1931 708 1984 mult
696 1935 749 1985 t.os
778 1929 815 1983 Et
834 1929 913 1982 misit
928 1945 1044 1983 servum
1109 1969 1110 1990 l

292 2025 376 2063 suum
401 2009 471 2064 hora
497 2027 604 2065 coenae
631 2010 724 2064 dicere
751 2009 880 2063 invitatis
906 2011 946 2062 ut·
965 2010 1043 2064 veni·

239 2097 273 2148 18
292 2094 371 2157 rent,
408 2091 476 2160 quia
511 2091 568 2145 iarn
605 2094 709 2160 parata
746 2093 814 2144 sunt
851 2088 955 2144 omnia.
1007 2089 1041 2142 Et

292 2174 448 2238 coeperunt
485 2171 569 2224 simul
604 2187 703 2225 omnes
736 2185 882 2224 excusare.
929 2169 1042 2222 Primus

292 2250 364 2304 dixit
383 2251 423 2304 ei:
446 2250 546 2305 Villam
566 2251 637 2317 emi,
658 2254 687 2305 et
705 2266 824 2304 necesse
843 2249 935 2304 habeo
956 2249 1043 2314 exire,

292 2335 321 2384 et
339 2329 436 2385 videre
455 2330 546 2384 illam:
568 2347 638 2399 rogo
657 2333 687 2384 te
706 2330 780 2384 habe
798 2345 844 2384 me
864 2331 1042 2384 excusatum.

239 2418 272 2468 19
291 2411 328 2464 Et
365 2411 438 2464 alter
474 2411 561 2464 dixit:
598 2411 669 2478 Iuga
700 2411 787 2464 boum
820 2409 875 2464 emi
907 2409 1042 2478 quinque,

292 2495 321 2545 et
354 2507 387 2545 eo
416 2491 537 2559 probare
567 2490 630 2544 illa:
664 2507 732 2559 rogo
761 2494 790 2544 te
818 2489 893 2544 habe
920 2505 967 2543 me
996 2505 1043 2543 ex-

131 2578 273 2629 1¹1⁷‚³⁸·20
292 2575 431 2625 cusatum.
469 2570 506 2626 El
534 2571 607 2625 alius
634 2571 723 2624 dixit:
751 2571 875 2625 Uxorem
901 2569 985 2636 duxi,
1015 2574 1044 2623 et

237 2659 269 2709 21
291 2652 355 2707 ideo
383 2668 439 2707 non
468 2668 588 2720 possum
616 2651 720 2705 venire.
759 2650 795 2703 Et
823 2665 956 2704 reversus
984 2666 1043 2702 ser-

291 2749 344 2786 vus
363 2732 510 2786 nunciavit
529 2732 600 2786 haec
620 2731 734 2785 domino
753 2747 814 2784 suo.
851 2729 931 2784 Tunc
949 2730 1043 2783 iratus

347 3068 372 3103 12
388 3060 408 3112 ᾖ
423 3060 469 3103 vic.
485 3071 561 3112 neque
577 3061 625 3106 (liv.
652 3061 655 3114 l
684 3066 705 3109 >
722 3062 748 3103 et
761 3061 809 3113 ipsi
822 3064 847 3102 te

347 3139 373 3174 13
388 3152 410 3162 -
427 3133 451 3173 et

638 3211 678 3254 194
