2275 3434
334 122 384 177 AD
410 123 635 179 CORINTHIOS
658 124 678 178 Ι.
765 123 924 191 lara-aa

94 283 248 337 membra
267 283 356 338 habet
373 286 479 352 multa,
505 285 601 340 omnia
625 288 722 340 autem
740 285 869 340 membra

95 354 245 424 corporis
265 371 330 410 cum
349 355 407 410 sint
425 358 524 423 multa,
542 373 632 411 unum
650 361 747 411 tamen
764 373 868 426 corpus

96 431 200 481 sunt:
221 427 263 482 ita
282 430 311 481 et
331 425 471 482 Christus.
502 427 617 483 Etenim
634 428 664 482 in
682 445 739 483 uno
759 428 870 497 Spiritu
888 432 1009 492 Idume.

98 514 218 552 omnes
236 515 289 553 nos
315 499 344 552 in
367 516 456 554 unum
475 515 581 569 corpus
598 499 740 569 baptizati
759 517 868 567 eumue,

98 569 177 624 sive
203 568 316 637 Iudaei,
345 571 406 624 sive
433 570 577 638 Gentiles,
605 571 666 626 sive
690 571 781 638 servi,
807 571 869 625 sive

98 641 216 696 liberi:
236 644 266 696 et
285 658 383 696 omnes
402 642 431 695 in
446 659 503 697 uno
519 641 629 712 Spiritu
646 643 741 712 potati
759 659 867 697 sumus

100 711 190 766 Nam
210 715 240 766 et
259 729 363 782 corpus
382 730 439 768 non
458 717 504 770 est
522 730 610 768 unum
628 714 797 781 membrum,
815 713 868 768 sed
888 717 923 769 14
931 735 960 768 20.

101 785 216 839 multa.
254 783 285 838 Si
314 783 418 840 dixerit
445 801 513 854 pes:
551 784 692 854 Quoniam
720 803 778 840 non
794 802 868 839 -sum
888 788 922 841 15

102 872 236 923 manus,
261 872 319 909 non
337 873 401 910 sum
421 855 456 910 de
475 873 608 926 corpore:
635 873 703 910 num
727 857 791 911 ideo
809 874 867 912 nou

104 930 161 982 est
181 926 217 982 de
238 928 373 996 corpore?
399 926 436 981 Et
455 928 480 982 si
495 927 601 982 dixerit
614 928 706 982 auris:
726 927 868 997 Quoniam
888 932 922 983 lo

105 1015 172 1053 non
198 1014 263 1053 sum
291 1000 405 1065 oculus,
424 1016 481 1054 non
500 1016 564 1053 sum
582 998 619 1053 de
638 1015 771 1068 corpore:
799 1016 868 1053 num

107 1069 180 1124 ideo
206 1087 264 1124 non
290 1075 335 1124 est
361 1069 395 1124 de
423 1071 563 1140 corpore?
601 1069 632 1124 Si
651 1074 744 1125 totum
763 1087 867 1140 corpus
888 1074 921 1125 17

108 1142 230 1196 oculus:
259 1141 308 1195 ubi
328 1141 463 1196 auditus?
496 1141 527 1196 Si
545 1145 640 1196 totum
659 1142 789 1196 auditus:
817 1140 867 1196 ubi

109 1213 275 1268 odoratus?
299 1213 381 1268 Nunc
400 1217 497 1267 autem
515 1213 614 1282 posuit
632 1213 711 1268 Deus
729 1213 867 1280 membra,
887 1217 921 1268 18

109 1283 340 1354 unmnquodque
359 1300 456 1339 eorum
482 1285 511 1338 in
536 1301 656 1354 corpore
674 1284 750 1339 sicut
768 1285 866 1339 voluit.

111 1355 200 1426 Qubd
219 1355 245 1409 si
264 1359 361 1410 essent
385 1355 481 1411 omnia
503 1373 591 1410 unum
617 1356 791 1423 membrum,
816 1356 866 1410 ubi
887 1359 920 1410 19

112 1427 242 1496 corpus?
269 1426 352 1482 Nunc
370 1431 466 1482 autem
485 1428 576 1482 multa
595 1427 710 1496 quidem
728 1427 865 1494 membra,
885 1431 958 1482 2014.

111 1515 205 1552 unum
224 1501 321 1553 autem
341 1515 453 1568 corpus,
485 1498 548 1554 Non
567 1502 666 1568 potest
685 1502 782 1552 autem
800 1515 866 1553 ocu·
884 1502 917 1553 21

47 1597 53 1612 ·
112 1571 158 1624 lus
174 1569 270 1624 dicere
284 1570 395 1624 manui:
416 1569 512 1639 Opera
529 1574 581 1624 tua
595 1587 652 1624 non
666 1569 795 1639 indigeo:
816 1574 867 1625 aut

113 1642 220 1696 iterum
240 1645 327 1710 caput
345 1641 480 1710 pedibus:
507 1641 571 1696 Non
589 1641 661 1695 estis
679 1641 749 1695 mihi
768 1657 866 1695 neces·

113 1712 192 1767 sarii.
231 1711 289 1766 Sed
307 1713 396 1767 multo
416 1712 509 1782 magis
534 1729 608 1782 quae
627 1711 761 1766 videntur
779 1729 866 1766 mem·
884 1715 920 1766 22

113 1783 167 1838 bra
176 1781 305 1852 corporis
315 1784 471 1839 infirmiora
485 1799 558 1849 esse,
573 1783 771 1838 necessariora
784 1786 865 1839 sunt:

117 1859 145 1909 et
171 1871 248 1924 quae
275 1859 411 1924 putamus
443 1853 614 1924 ignobiliora
641 1855 770 1908 membra
801 1870 865 1908 esse
885 1858 919 1908 23

120 1927 251 1996 eorporis
271 1927 315 1980 his
335 1927 471 1981 honorem
490 1924 728 1980 abundantiorem
747 1925 865 1980 circum·

122 1995 232 2052 damus:
254 2001 283 2052 et
302 2014 376 2067 quae
394 1997 548 2052 inhonesta
566 2000 635 2050 sunt
648 2000 757 2063 nostra,
777 1996 865 2051 abun·

121 2067 276 2124 dantiorem
286 2069 467 2124 honestatem
481 2068 599 2123 habent.
623 2067 754 2122 Honesta
768 2072 864 2122 autem
884 2071 919 2121 24

116 2145 214 2196 nostra
242 2141 346 2194 nullius
374 2144 472 2210 egent:
506 2139 558 2194 sed
586 2139 664 2193 Deus
692 2140 865 2209 temperavit

114 2229 228 2282 corpuS,
243 2212 278 2279 ei,
288 2213 334 2266 cui
345 2211 452 2279 deerat,
463 2210 702 2266 abundantiorem
711 2211 863 2265 tribuendo

113 2283 260 2351 honorem,
272 2285 276 2322 ¹
287 2287 320 2338 ut
338 2301 395 2338 non
415 2284 454 2338 sit
472 2283 598 2337 schisma
617 2282 647 2336 in
666 2298 793 2351 corpore,
812 2282 864 2336 sed
883 2285 918 2336 25

112 2355 239 2425 idipsum
258 2370 310 2424 pro
325 2354 446 2410 invicem
460 2354 574 2409 solicita
588 2353 645 2408 sint
660 2353 797 2408 membra.
827 2353 864 2407 Et
883 2357 917 2406 26

112 2425 226 2496 siquid
251 2427 362 2495 patitur
386 2443 474 2482 unum
493 2425 668 2507 membrum,
686 2425 863 2493 compatiun·
932 2452 935 2457 ·

111 2502 159 2552 tur
178 2497 274 2552 omnia
288 2497 428 2552 membra:
447 2497 508 2552 sive
522 2497 660 2566 gloriatur
674 2513 762 2549 unum
775 2511 863 2549 mem-

112 2570 204 2637 brum,
224 2569 406 2638 congaudent
420 2569 515 2625 omnia
529 2568 666 2623 membra.
693 2567 752 2622 Vos
766 2569 863 2621 autem
882 2571 999 2628 271115.
1011 2588 1027 2620 a
1038 2588 1086 2628 aa.

113 2641 184 2695 estis
213 2657 317 2710 corpus
346 2639 467 2707 Christi,
496 2642 525 2694 et
552 2639 681 2694 membra
708 2639 744 2693 de
776 2654 863 2691 mem·

112 2712 172 2767 bro.
261 2711 298 2766 Et
335 2711 474 2781 quosdam
507 2710 622 2781 quidem
654 2711 752 2780 posuit
786 2710 862 2764 Deus
882 2713 1030 2770 28111111.

165 2830 327 2872 12-tamen
375 2825 862 2878 130111111101120111111111151120]

113 2891 186 2925 unum
196 2881 306 2936 spiritum
334 2885 361 2923 15
370 2885 442 2930 num]
453 2891 501 2924 non
513 2887 578 2934 ,1116
589 2881 593 2933 Ι
603 2885 634 2932 fin
642 2912 648 2922 .
655 2879 717 2932 pro?
726 2878 792 2933 Μ
800 2911 806 2933 ,
814 2885 831 2920 ie
838 2885 863 2921 m

115 2935 247 2980 ro-EtA
266 2936 269 2983 Ι
289 2935 345 2987 quia
373 2941 485 2978 reanum
501 2935 618 2986 uoqueF
640 2933 852 2986 abactam

116 2988 194 3038 >dic
206 3000 242 3032 oo.
253 2988 322 3042 §AF
346 2995 373 3031 23
381 2945 587 3042 ignorabiiioraA
599 2989 603 3038 Ι
615 2987 790 3030 circumdamur
799 2985 837 3026 F²
848 2990 851 3034 1

115 3047 140 3084 aa
154 3042 244 3086 abund.
260 3043 286 3084 2⁰
299 3047 328 3084 aa
342 3041 432 3085 abund.
445 3042 470 3083 1⁰
483 3046 549 3084 rediit
562 3039 599 3081 F¹
632 3047 659 3084 aa
673 3040 790 3084 scismata
804 3042 829 3080 F
847 3042 852 3092 1

115 3095 257 3150 inidipsum
271 3095 293 3150 gt
314 3097 318 3150 Ι
339 3095 406 3146 sint]
422 3096 479 3138 suut
492 3094 526 3135 Αἱ
579 3100 606 3137 aa
620 3093 756 3148 gloriantur
769 3092 822 3134 FO)

474 3175 549 3218 4471
