<?xml version="1.0" encoding="UTF-8"?>
<!DOCTYPE html PUBLIC "-//W3C//DTD XHTML 1.0 Transitional//EN"
    "http://www.w3.org/TR/xhtml1/DTD/xhtml1-transitional.dtd">
<html xmlns="http://www.w3.org/1999/xhtml" xml:lang="en" lang="en">
 <head>
  <title>
</title>
<meta http-equiv="Content-Type" content="text/html;charset=utf-8" />
  <meta name='ocr-system' content='tesseract 3.04.00' />
  <meta name='ocr-capabilities' content='ocr_page ocr_carea ocr_par ocr_line ocrx_word'/>
</head>
<body>
  <div class='ocr_page' id='page_1' title='image "./novumtestamentu01nestgoog_0128.png"; bbox 0 0 2275 3434; ppageno 0'>
   <div class='ocr_carea' id='block_1_1' title="bbox 244 144 873 215">
    <p class='ocr_par' dir='ltr' id='par_1_1' title="bbox 244 144 873 215">
     <span class='ocr_line' id='line_1_1' title="bbox 244 144 873 215; baseline -0.013 -9"><span class='ocrx_word' id='word_1_1' title='bbox 244 148 385 206; x_wconf 65' lang='lat' dir='ltr'>ilo-aa.</span> <span class='ocrx_word' id='word_1_2' title='bbox 471 145 671 202; x_wconf 85' lang='lat' dir='ltr'>SECVNDVM</span> <span class='ocrx_word' id='word_1_3' title='bbox 692 144 873 215; x_wconf 48' lang='grc' dir='ltr'>ΜΑ11111111.δ</span> 
     </span>
    </p>
   </div>
   <div class='ocr_carea' id='block_1_2' title="bbox 74 303 1106 2710">
    <p class='ocr_par' dir='ltr' id='par_1_2' title="bbox 74 303 1056 778">
     <span class='ocr_line' id='line_1_2' title="bbox 298 303 1055 376; baseline -0.007 -14"><span class='ocrx_word' id='word_1_4' title='bbox 298 309 408 363; x_wconf 85' lang='lat' dir='ltr'>initum</span> <span class='ocrx_word' id='word_1_5' title='bbox 424 307 520 364; x_wconf 80' lang='lat' dir='ltr'>tacitis</span> <span class='ocrx_word' id='word_1_6' title='bbox 533 309 720 376; x_wconf 85' lang='lat' dir='ltr'>praeceptum</span> <span class='ocrx_word' id='word_1_7' title='bbox 735 305 797 372; x_wconf 88' lang='lat' dir='ltr'>Dei,</span> <span class='ocrx_word' id='word_1_8' title='bbox 816 308 849 358; x_wconf 89' lang='lat' dir='ltr'>ut</span> <span class='ocrx_word' id='word_1_9' title='bbox 863 303 1055 360; x_wconf 79' lang='lat' dir='ltr'>traditionem</span> 
     </span>
     <span class='ocr_line' id='line_1_3' title="bbox 74 384 1054 456; baseline -0.004 -16"><span class='ocrx_word' id='word_1_10' title='bbox 74 391 279 450; x_wconf 54' lang='grc'>1111111110</span> <span class='ocrx_word' id='word_1_11' title='bbox 297 393 423 444; x_wconf 84' lang='lat' dir='ltr'>vestram</span> <span class='ocrx_word' id='word_1_12' title='bbox 441 388 571 442; x_wconf 84' lang='lat' dir='ltr'>servetis.</span> <span class='ocrx_word' id='word_1_13' title='bbox 608 387 720 456; x_wconf 80' lang='lat' dir='ltr'>Moyses</span> <span class='ocrx_word' id='word_1_14' title='bbox 735 386 810 441; x_wconf 90' lang='lat' dir='ltr'>enim</span> <span class='ocrx_word' id='word_1_15' title='bbox 826 384 912 439; x_wconf 79' lang='lat' dir='ltr'>dixit:</span> <span class='ocrx_word' id='word_1_16' title='bbox 932 384 1054 439; x_wconf 74' lang='lat' dir='ltr'>Honora</span> 
     </span>
     <span class='ocr_line' id='line_1_4' title="bbox 148 452 1055 546; baseline -0.009 -21"><span class='ocrx_word' id='word_1_17' title='bbox 148 452 233 494; x_wconf 59' lang='lat' dir='ltr'>mccc.</span> <span class='ocrx_word' id='word_1_18' title='bbox 297 474 409 539; x_wconf 87' lang='lat' dir='ltr'>patrem</span> <span class='ocrx_word' id='word_1_19' title='bbox 437 473 534 535; x_wconf 88' lang='lat' dir='ltr'>tuum,</span> <span class='ocrx_word' id='word_1_20' title='bbox 567 472 601 546; x_wconf 32' lang='lat' dir='ltr'>et·</span> <span class='ocrx_word' id='word_1_21' title='bbox 624 471 746 522; x_wconf 88' lang='lat' dir='ltr'>matrem</span> <span class='ocrx_word' id='word_1_22' title='bbox 774 470 863 520; x_wconf 89' lang='lat' dir='ltr'>tuam.</span> <span class='ocrx_word' id='word_1_23' title='bbox 907 465 959 519; x_wconf 86' lang='lat' dir='ltr'>Et:</span> <span class='ocrx_word' id='word_1_24' title='bbox 996 466 1055 533; x_wconf 89' lang='lat' dir='ltr'>Qui</span> 
     </span>
     <span class='ocr_line' id='line_1_5' title="bbox 297 545 1054 618; baseline -0.008 -14"><span class='ocrx_word' id='word_1_25' title='bbox 297 550 476 604; x_wconf 84' lang='lat' dir='ltr'>maledixerit</span> <span class='ocrx_word' id='word_1_26' title='bbox 495 548 586 618; x_wconf 89' lang='lat' dir='ltr'>patri,</span> <span class='ocrx_word' id='word_1_27' title='bbox 607 549 652 602; x_wconf 82' lang='lat' dir='ltr'>vet</span> <span class='ocrx_word' id='word_1_28' title='bbox 670 547 769 612; x_wconf 90' lang='lat' dir='ltr'>matri,</span> <span class='ocrx_word' id='word_1_29' title='bbox 790 550 882 601; x_wconf 89' lang='lat' dir='ltr'>morte</span> <span class='ocrx_word' id='word_1_30' title='bbox 900 545 1054 600; x_wconf 88' lang='lat' dir='ltr'>moriatur.</span> 
     </span>
     <span class='ocr_line' id='line_1_6' title="bbox 245 625 1054 695; baseline -0.009 -10"><span class='ocrx_word' id='word_1_31' title='bbox 245 633 277 684; x_wconf 91' lang='lat'>11</span> <span class='ocrx_word' id='word_1_32' title='bbox 296 631 354 684; x_wconf 86' lang='lat' dir='ltr'>Vos</span> <span class='ocrx_word' id='word_1_33' title='bbox 375 633 471 684; x_wconf 85' lang='lat' dir='ltr'>autern</span> <span class='ocrx_word' id='word_1_34' title='bbox 490 629 600 684; x_wconf 90' lang='lat' dir='ltr'>dicitis:</span> <span class='ocrx_word' id='word_1_35' title='bbox 621 628 651 682; x_wconf 91' lang='lat' dir='ltr'>Si</span> <span class='ocrx_word' id='word_1_36' title='bbox 671 627 775 682; x_wconf 85' lang='lat' dir='ltr'>dixerit</span> <span class='ocrx_word' id='word_1_37' title='bbox 793 627 878 682; x_wconf 87' lang='lat' dir='ltr'>homo</span> <span class='ocrx_word' id='word_1_38' title='bbox 892 625 979 695; x_wconf 87' lang='lat' dir='ltr'>patri,</span> <span class='ocrx_word' id='word_1_39' title='bbox 1000 631 1054 679; x_wconf 88' lang='lat' dir='ltr'>aut</span> 
     </span>
     <span class='ocr_line' id='line_1_7' title="bbox 297 705 1056 778; baseline -0.007 -14"><span class='ocrx_word' id='word_1_40' title='bbox 297 711 391 777; x_wconf 89' lang='lat' dir='ltr'>matri,</span> <span class='ocrx_word' id='word_1_41' title='bbox 409 710 531 777; x_wconf 86' lang='lat' dir='ltr'>Corban,</span> <span class='ocrx_word' id='word_1_42' title='bbox 549 708 638 778; x_wconf 89' lang='lat' dir='ltr'>(quod</span> <span class='ocrx_word' id='word_1_43' title='bbox 653 712 698 763; x_wconf 90' lang='lat' dir='ltr'>est</span> <span class='ocrx_word' id='word_1_44' title='bbox 712 708 829 774; x_wconf 88' lang='lat' dir='ltr'>donum)</span> <span class='ocrx_word' id='word_1_45' title='bbox 848 705 1056 776; x_wconf 85' lang='lat' dir='ltr'>quodcumque</span> 
     </span>
    </p>

    <p class='ocr_par' dir='ltr' id='par_1_3' title="bbox 96 785 1106 1578">
     <span class='ocr_line' id='line_1_8' title="bbox 245 785 1106 860; baseline -0.003 -16"><span class='ocrx_word' id='word_1_46' title='bbox 245 794 278 844; x_wconf 81' lang='lat'>12</span> <span class='ocrx_word' id='word_1_47' title='bbox 298 809 333 846; x_wconf 86' lang='lat' dir='ltr'>ex</span> <span class='ocrx_word' id='word_1_48' title='bbox 351 808 405 858; x_wconf 89' lang='lat' dir='ltr'>me,</span> <span class='ocrx_word' id='word_1_49' title='bbox 425 791 477 845; x_wconf 89' lang='lat' dir='ltr'>tihi</span> <span class='ocrx_word' id='word_1_50' title='bbox 496 789 651 860; x_wconf 86' lang='lat' dir='ltr'>profuerit:</span> <span class='ocrx_word' id='word_1_51' title='bbox 689 793 719 843; x_wconf 86' lang='lat' dir='ltr'>et</span> <span class='ocrx_word' id='word_1_52' title='bbox 737 789 811 843; x_wconf 90' lang='lat' dir='ltr'>ultra</span> <span class='ocrx_word' id='word_1_53' title='bbox 828 804 884 841; x_wconf 88' lang='lat' dir='ltr'>non</span> <span class='ocrx_word' id='word_1_54' title='bbox 902 785 1056 842; x_wconf 76' lang='lat' dir='ltr'>dimittitis</span> <span class='ocrx_word' id='word_1_55' title='bbox 1104 818 1106 841; x_wconf 85' lang='lat'>:</span> 
     </span>
     <span class='ocr_line' id='line_1_9' title="bbox 297 869 1056 941; baseline -0.011 -14"><span class='ocrx_word' id='word_1_56' title='bbox 297 889 362 926; x_wconf 88' lang='lat' dir='ltr'>eum</span> <span class='ocrx_word' id='word_1_57' title='bbox 388 871 543 941; x_wconf 89' lang='lat' dir='ltr'>quidquam</span> <span class='ocrx_word' id='word_1_58' title='bbox 568 869 665 924; x_wconf 83' lang='lat' dir='ltr'>facere</span> <span class='ocrx_word' id='word_1_59' title='bbox 690 869 767 937; x_wconf 87' lang='lat' dir='ltr'>patri</span> <span class='ocrx_word' id='word_1_60' title='bbox 792 885 858 933; x_wconf 87' lang='lat' dir='ltr'>suo,</span> <span class='ocrx_word' id='word_1_61' title='bbox 884 869 1056 932; x_wconf 77' lang='grc'>1111111111,</span> 
     </span>
     <span class='ocr_line' id='line_1_10' title="bbox 245 946 1055 1016; baseline -0.007 -10"><span class='ocrx_word' id='word_1_62' title='bbox 245 956 278 1006; x_wconf 83' lang='grc'>13</span> <span class='ocrx_word' id='word_1_63' title='bbox 297 951 492 1007; x_wconf 80' lang='lat' dir='ltr'>rescindentes</span> <span class='ocrx_word' id='word_1_64' title='bbox 529 951 649 1005; x_wconf 88' lang='lat' dir='ltr'>verbum</span> <span class='ocrx_word' id='word_1_65' title='bbox 687 949 740 1003; x_wconf 88' lang='lat' dir='ltr'>Dei</span> <span class='ocrx_word' id='word_1_66' title='bbox 776 965 828 1016; x_wconf 88' lang='lat' dir='ltr'>per</span> <span class='ocrx_word' id='word_1_67' title='bbox 863 946 1055 1002; x_wconf 82' lang='lat' dir='ltr'>traditionem</span> 
     </span>
     <span class='ocr_line' id='line_1_11' title="bbox 298 1027 1056 1101; baseline -0.009 -14"><span class='ocrx_word' id='word_1_68' title='bbox 298 1037 439 1100; x_wconf 88' lang='lat' dir='ltr'>vestram,</span> <span class='ocrx_word' id='word_1_69' title='bbox 465 1049 551 1101; x_wconf 87' lang='lat' dir='ltr'>quarn</span> <span class='ocrx_word' id='word_1_70' title='bbox 577 1029 753 1084; x_wconf 81' lang='lat' dir='ltr'>tradidistis:</span> <span class='ocrx_word' id='word_1_71' title='bbox 780 1033 809 1082; x_wconf 90' lang='lat' dir='ltr'>et</span> <span class='ocrx_word' id='word_1_72' title='bbox 828 1027 932 1082; x_wconf 79' lang='lat' dir='ltr'>similia</span> <span class='ocrx_word' id='word_1_73' title='bbox 951 1027 1056 1082; x_wconf 86' lang='lat' dir='ltr'>huius-</span> 
     </span>
     <span class='ocr_line' id='line_1_12' title="bbox 245 1107 1056 1167; baseline -0.007 0"><span class='ocrx_word' id='word_1_74' title='bbox 245 1116 279 1166; x_wconf 78' lang='grc'>14</span> <span class='ocrx_word' id='word_1_75' title='bbox 297 1114 373 1167; x_wconf 88' lang='lat' dir='ltr'>modi</span> <span class='ocrx_word' id='word_1_76' title='bbox 392 1114 483 1167; x_wconf 87' lang='lat' dir='ltr'>multa</span> <span class='ocrx_word' id='word_1_77' title='bbox 503 1110 608 1165; x_wconf 82' lang='lat' dir='ltr'>facitis</span> <span class='ocrx_word' id='word_1_78' title='bbox 645 1110 682 1164; x_wconf 86' lang='lat' dir='ltr'>Et</span> <span class='ocrx_word' id='word_1_79' title='bbox 702 1108 847 1163; x_wconf 81' lang='lat' dir='ltr'>advocans</span> <span class='ocrx_word' id='word_1_80' title='bbox 866 1107 971 1162; x_wconf 87' lang='lat' dir='ltr'>iterum</span> <span class='ocrx_word' id='word_1_81' title='bbox 990 1111 1056 1162; x_wconf 88' lang='lat' dir='ltr'>tur-</span> 
     </span>
     <span class='ocr_line' id='line_1_13' title="bbox 297 1188 1055 1261; baseline -0.009 -13"><span class='ocrx_word' id='word_1_82' title='bbox 297 1195 376 1261; x_wconf 88' lang='lat' dir='ltr'>bam,</span> <span class='ocrx_word' id='word_1_83' title='bbox 403 1192 518 1248; x_wconf 85' lang='lat' dir='ltr'>dicebat</span> <span class='ocrx_word' id='word_1_84' title='bbox 537 1191 607 1244; x_wconf 92' lang='lat' dir='ltr'>illis:</span> <span class='ocrx_word' id='word_1_85' title='bbox 634 1189 739 1244; x_wconf 87' lang='lat' dir='ltr'>Audite</span> <span class='ocrx_word' id='word_1_86' title='bbox 758 1205 803 1242; x_wconf 90' lang='lat' dir='ltr'>me</span> <span class='ocrx_word' id='word_1_87' title='bbox 823 1204 934 1254; x_wconf 79' lang='lat' dir='ltr'>ornneS,</span> <span class='ocrx_word' id='word_1_88' title='bbox 958 1191 989 1242; x_wconf 85' lang='lat' dir='ltr'>et</span> <span class='ocrx_word' id='word_1_89' title='bbox 1010 1188 1055 1242; x_wconf 92' lang='lat' dir='ltr'>in-</span> 
     </span>
     <span class='ocr_line' id='line_1_14' title="bbox 96 1268 1054 1343; baseline -0.001 -21"><span class='ocrx_word' id='word_1_90' title='bbox 96 1276 278 1334; x_wconf 68' lang='grc'>11111115</span> <span class='ocrx_word' id='word_1_91' title='bbox 297 1274 424 1343; x_wconf 85' lang='lat' dir='ltr'>telligitc.</span> <span class='ocrx_word' id='word_1_92' title='bbox 462 1271 538 1326; x_wconf 92' lang='lat' dir='ltr'>Nihil</span> <span class='ocrx_word' id='word_1_93' title='bbox 564 1274 609 1326; x_wconf 91' lang='lat' dir='ltr'>est</span> <span class='ocrx_word' id='word_1_94' title='bbox 634 1275 717 1325; x_wconf 83' lang='lat' dir='ltr'>extra</span> <span class='ocrx_word' id='word_1_95' title='bbox 742 1269 885 1324; x_wconf 89' lang='lat' dir='ltr'>hominem</span> <span class='ocrx_word' id='word_1_96' title='bbox 908 1268 1054 1323; x_wconf 75' lang='lat' dir='ltr'>introiens¹</span> 
     </span>
     <span class='ocr_line' id='line_1_15' title="bbox 297 1349 1054 1422; baseline -0.008 -13"><span class='ocrx_word' id='word_1_97' title='bbox 297 1356 326 1409; x_wconf 93' lang='lat' dir='ltr'>in</span> <span class='ocrx_word' id='word_1_98' title='bbox 352 1371 431 1421; x_wconf 83' lang='lat' dir='ltr'>euru,</span> <span class='ocrx_word' id='word_1_99' title='bbox 460 1351 536 1422; x_wconf 88' lang='lat' dir='ltr'>quod</span> <span class='ocrx_word' id='word_1_100' title='bbox 561 1351 655 1419; x_wconf 88' lang='lat' dir='ltr'>possit</span> <span class='ocrx_word' id='word_1_101' title='bbox 680 1367 745 1404; x_wconf 89' lang='lat' dir='ltr'>eum</span> <span class='ocrx_word' id='word_1_102' title='bbox 771 1349 969 1417; x_wconf 85' lang='lat' dir='ltr'>coinquinare,</span> <span class='ocrx_word' id='word_1_103' title='bbox 996 1349 1054 1403; x_wconf 85' lang='lat' dir='ltr'>sed</span> 
     </span>
     <span class='ocr_line' id='line_1_16' title="bbox 298 1429 1053 1505; baseline -0.008 -15"><span class='ocrx_word' id='word_1_104' title='bbox 298 1452 371 1505; x_wconf 86' lang='lat' dir='ltr'>quae</span> <span class='ocrx_word' id='word_1_105' title='bbox 398 1435 432 1488; x_wconf 90' lang='lat' dir='ltr'>de</span> <span class='ocrx_word' id='word_1_106' title='bbox 459 1431 572 1487; x_wconf 90' lang='lat' dir='ltr'>homine</span> <span class='ocrx_word' id='word_1_107' title='bbox 597 1431 771 1500; x_wconf 89' lang='lat' dir='ltr'>procedunt,</span> <span class='ocrx_word' id='word_1_108' title='bbox 796 1429 845 1483; x_wconf 88' lang='lat' dir='ltr'>ilia</span> <span class='ocrx_word' id='word_1_109' title='bbox 863 1433 946 1495; x_wconf 89' lang='lat' dir='ltr'>sunt,</span> <span class='ocrx_word' id='word_1_110' title='bbox 973 1447 1053 1498; x_wconf 88' lang='lat' dir='ltr'>quae</span> 
     </span>
     <span class='ocr_line' id='line_1_17' title="bbox 246 1509 1052 1578; baseline -0.005 -9"><span class='ocrx_word' id='word_1_111' title='bbox 246 1519 278 1569; x_wconf 87' lang='grc'>16</span> <span class='ocrx_word' id='word_1_112' title='bbox 298 1515 509 1571; x_wconf 88' lang='lat' dir='ltr'>communicant</span> <span class='ocrx_word' id='word_1_113' title='bbox 532 1512 684 1566; x_wconf 87' lang='lat' dir='ltr'>hominem.</span> <span class='ocrx_word' id='word_1_114' title='bbox 722 1511 752 1566; x_wconf 88' lang='lat' dir='ltr'>Si</span> <span class='ocrx_word' id='word_1_115' title='bbox 772 1509 836 1578; x_wconf 90' lang='lat' dir='ltr'>quis</span> <span class='ocrx_word' id='word_1_116' title='bbox 855 1509 943 1563; x_wconf 91' lang='lat' dir='ltr'>habet</span> <span class='ocrx_word' id='word_1_117' title='bbox 962 1526 1052 1565; x_wconf 85' lang='lat' dir='ltr'>aures</span> 
     </span>
    </p>

    <p class='ocr_par' dir='ltr' id='par_1_4' title="bbox 245 1589 1078 1668">
     <span class='ocr_line' id='line_1_18' title="bbox 245 1589 1078 1668; baseline -0.006 -18"><span class='ocrx_word' id='word_1_118' title='bbox 245 1600 277 1650; x_wconf 84' lang='grc'>17</span> <span class='ocrx_word' id='word_1_119' title='bbox 298 1595 445 1661; x_wconf 87' lang='lat' dir='ltr'>audiendi,</span> <span class='ocrx_word' id='word_1_120' title='bbox 464 1593 572 1647; x_wconf 89' lang='lat' dir='ltr'>audiat.</span> <span class='ocrx_word' id='word_1_121' title='bbox 644 1593 680 1646; x_wconf 87' lang='lat' dir='ltr'>Et</span> <span class='ocrx_word' id='word_1_122' title='bbox 700 1609 764 1646; x_wconf 87' lang='lat' dir='ltr'>curn</span> <span class='ocrx_word' id='word_1_123' title='bbox 783 1590 931 1644; x_wconf 89' lang='lat' dir='ltr'>introisset</span> <span class='ocrx_word' id='word_1_124' title='bbox 949 1589 979 1644; x_wconf 91' lang='lat' dir='ltr'>in</span> <span class='ocrx_word' id='word_1_125' title='bbox 999 1589 1078 1668; x_wconf 65' lang='lat' dir='ltr'>do}</span> 
     </span>
    </p>

    <p class='ocr_par' dir='ltr' id='par_1_5' title="bbox 76 1669 1053 2710">
     <span class='ocr_line' id='line_1_19' title="bbox 297 1669 1053 1742; baseline -0.005 -12"><span class='ocrx_word' id='word_1_126' title='bbox 297 1694 374 1730; x_wconf 87' lang='lat' dir='ltr'>rnmn</span> <span class='ocrx_word' id='word_1_127' title='bbox 403 1693 420 1730; x_wconf 89' lang='lat' dir='ltr'>a</span> <span class='ocrx_word' id='word_1_128' title='bbox 447 1674 545 1741; x_wconf 87' lang='lat' dir='ltr'>turha,</span> <span class='ocrx_word' id='word_1_129' title='bbox 577 1672 795 1742; x_wconf 81' lang='lat' dir='ltr'>interrogabant</span> <span class='ocrx_word' id='word_1_130' title='bbox 821 1687 887 1724; x_wconf 89' lang='lat' dir='ltr'>eum</span> <span class='ocrx_word' id='word_1_131' title='bbox 915 1669 1053 1740; x_wconf 89' lang='lat' dir='ltr'>discipuli</span> 
     </span>
     <span class='ocr_line' id='line_1_20' title="bbox 245 1750 1053 1824; baseline -0.005 -14"><span class='ocrx_word' id='word_1_132' title='bbox 245 1759 279 1810; x_wconf 86' lang='grc'>18</span> <span class='ocrx_word' id='word_1_133' title='bbox 298 1757 359 1810; x_wconf 89' lang='lat' dir='ltr'>eius</span> <span class='ocrx_word' id='word_1_134' title='bbox 384 1755 559 1824; x_wconf 85' lang='lat' dir='ltr'>parabolam.</span> <span class='ocrx_word' id='word_1_135' title='bbox 596 1753 633 1807; x_wconf 87' lang='lat' dir='ltr'>Et</span> <span class='ocrx_word' id='word_1_136' title='bbox 652 1754 693 1807; x_wconf 90' lang='lat' dir='ltr'>ait</span> <span class='ocrx_word' id='word_1_137' title='bbox 711 1752 782 1806; x_wconf 88' lang='lat' dir='ltr'>illis:</span> <span class='ocrx_word' id='word_1_138' title='bbox 810 1750 859 1805; x_wconf 90' lang='lat' dir='ltr'>Sic</span> <span class='ocrx_word' id='word_1_139' title='bbox 877 1753 907 1805; x_wconf 87' lang='lat' dir='ltr'>et</span> <span class='ocrx_word' id='word_1_140' title='bbox 925 1767 977 1804; x_wconf 89' lang='lat' dir='ltr'>vos</span> <span class='ocrx_word' id='word_1_141' title='bbox 996 1751 1053 1806; x_wconf 89' lang='lat' dir='ltr'>im-</span> 
     </span>
     <span class='ocr_line' id='line_1_21' title="bbox 298 1830 1052 1906; baseline -0.005 -16"><span class='ocrx_word' id='word_1_142' title='bbox 298 1836 454 1906; x_wconf 84' lang='lat' dir='ltr'>prudentes</span> <span class='ocrx_word' id='word_1_143' title='bbox 480 1835 571 1889; x_wconf 85' lang='lat' dir='ltr'>estis?</span> <span class='ocrx_word' id='word_1_144' title='bbox 608 1834 670 1888; x_wconf 91' lang='lat' dir='ltr'>Non</span> <span class='ocrx_word' id='word_1_145' title='bbox 697 1831 856 1901; x_wconf 86' lang='lat' dir='ltr'>intelligitis</span> <span class='ocrx_word' id='word_1_146' title='bbox 876 1830 944 1900; x_wconf 85' lang='lat' dir='ltr'>quia</span> <span class='ocrx_word' id='word_1_147' title='bbox 963 1847 1052 1886; x_wconf 90' lang='lat' dir='ltr'>omne</span> 
     </span>
     <span class='ocr_line' id='line_1_22' title="bbox 299 1913 1052 1980; baseline -0.007 -9"><span class='ocrx_word' id='word_1_148' title='bbox 299 1917 476 1972; x_wconf 82' lang='lat' dir='ltr'>extrinsecus</span> <span class='ocrx_word' id='word_1_149' title='bbox 495 1916 634 1970; x_wconf 89' lang='lat' dir='ltr'>introiens</span> <span class='ocrx_word' id='word_1_150' title='bbox 652 1915 681 1968; x_wconf 91' lang='lat' dir='ltr'>in</span> <span class='ocrx_word' id='word_1_151' title='bbox 701 1913 853 1978; x_wconf 86' lang='lat' dir='ltr'>hominem,</span> <span class='ocrx_word' id='word_1_152' title='bbox 873 1929 931 1966; x_wconf 90' lang='lat' dir='ltr'>non</span> <span class='ocrx_word' id='word_1_153' title='bbox 949 1915 1052 1980; x_wconf 90' lang='lat' dir='ltr'>potest</span> 
     </span>
     <span class='ocr_line' id='line_1_23' title="bbox 180 1990 1052 2076; baseline -0.008 -25"><span class='ocrx_word' id='word_1_154' title='bbox 180 2065 183 2076; x_wconf 20' lang='lat' dir='ltr'>k</span> <span class='ocrx_word' id='word_1_155' title='bbox 246 2001 363 2050; x_wconf 72' lang='grc'>191111</span> <span class='ocrx_word' id='word_1_156' title='bbox 389 1995 615 2050; x_wconf 87' lang='lat' dir='ltr'>communicare:</span> <span class='ocrx_word' id='word_1_157' title='bbox 653 1994 721 2063; x_wconf 85' lang='lat' dir='ltr'>quia</span> <span class='ocrx_word' id='word_1_158' title='bbox 746 2010 803 2047; x_wconf 92' lang='lat' dir='ltr'>non</span> <span class='ocrx_word' id='word_1_159' title='bbox 828 1993 918 2049; x_wconf 86' lang='lat' dir='ltr'>intrat</span> <span class='ocrx_word' id='word_1_160' title='bbox 943 1990 972 2044; x_wconf 92' lang='lat' dir='ltr'>in</span> <span class='ocrx_word' id='word_1_161' title='bbox 999 2007 1052 2045; x_wconf 86' lang='lat' dir='ltr'>cor</span> 
     </span>
     <span class='ocr_line' id='line_1_24' title="bbox 299 2073 1051 2144; baseline -0.007 -13"><span class='ocrx_word' id='word_1_162' title='bbox 299 2078 375 2144; x_wconf 78' lang='lat' dir='ltr'>eiua,</span> <span class='ocrx_word' id='word_1_163' title='bbox 402 2076 453 2130; x_wconf 90' lang='lat' dir='ltr'>sed</span> <span class='ocrx_word' id='word_1_164' title='bbox 478 2077 507 2129; x_wconf 93' lang='lat' dir='ltr'>in</span> <span class='ocrx_word' id='word_1_165' title='bbox 528 2079 658 2130; x_wconf 87' lang='lat' dir='ltr'>ventrem</span> <span class='ocrx_word' id='word_1_166' title='bbox 679 2074 775 2141; x_wconf 86' lang='lat' dir='ltr'>vadit,</span> <span class='ocrx_word' id='word_1_167' title='bbox 800 2077 829 2127; x_wconf 89' lang='lat' dir='ltr'>et</span> <span class='ocrx_word' id='word_1_168' title='bbox 849 2073 879 2126; x_wconf 92' lang='lat' dir='ltr'>in</span> <span class='ocrx_word' id='word_1_169' title='bbox 900 2088 1051 2126; x_wconf 89' lang='lat' dir='ltr'>secessum</span> 
     </span>
     <span class='ocr_line' id='line_1_25' title="bbox 244 2152 1050 2226; baseline -0.007 -16"><span class='ocrx_word' id='word_1_170' title='bbox 244 2161 280 2210; x_wconf 73' lang='lat'>90</span> <span class='ocrx_word' id='word_1_171' title='bbox 299 2157 370 2224; x_wconf 86' lang='lat' dir='ltr'>exit,</span> <span class='ocrx_word' id='word_1_172' title='bbox 396 2173 522 2226; x_wconf 85' lang='lat' dir='ltr'>purgans</span> <span class='ocrx_word' id='word_1_173' title='bbox 542 2172 640 2210; x_wconf 87' lang='lat' dir='ltr'>omnes</span> <span class='ocrx_word' id='word_1_174' title='bbox 660 2155 763 2209; x_wconf 82' lang='lat' dir='ltr'>escas?</span> <span class='ocrx_word' id='word_1_175' title='bbox 800 2152 922 2207; x_wconf 86' lang='lat' dir='ltr'>Dicebat</span> <span class='ocrx_word' id='word_1_176' title='bbox 942 2154 1050 2217; x_wconf 87' lang='lat' dir='ltr'>autem,</span> 
     </span>
     <span class='ocr_line' id='line_1_26' title="bbox 299 2232 1050 2306; baseline -0.008 -16"><span class='ocrx_word' id='word_1_177' title='bbox 299 2237 432 2306; x_wconf 88' lang='lat' dir='ltr'>quoniam</span> <span class='ocrx_word' id='word_1_178' title='bbox 448 2254 521 2306; x_wconf 90' lang='lat' dir='ltr'>quae</span> <span class='ocrx_word' id='word_1_179' title='bbox 534 2237 568 2290; x_wconf 89' lang='lat' dir='ltr'>de</span> <span class='ocrx_word' id='word_1_180' title='bbox 581 2235 694 2290; x_wconf 90' lang='lat' dir='ltr'>homine</span> <span class='ocrx_word' id='word_1_181' title='bbox 706 2237 819 2299; x_wconf 87' lang='lat' dir='ltr'>exeunt,</span> <span class='ocrx_word' id='word_1_182' title='bbox 834 2233 883 2286; x_wconf 86' lang='lat' dir='ltr'>illa</span> <span class='ocrx_word' id='word_1_183' title='bbox 893 2232 1050 2286; x_wconf 89' lang='lat' dir='ltr'>communi-</span> 
     </span>
     <span class='ocr_line' id='line_1_27' title="bbox 244 2312 1050 2372; baseline -0.009 -1"><span class='ocrx_word' id='word_1_184' title='bbox 244 2321 277 2371; x_wconf 73' lang='lat'>21</span> <span class='ocrx_word' id='word_1_185' title='bbox 299 2322 366 2372; x_wconf 88' lang='lat' dir='ltr'>cant</span> <span class='ocrx_word' id='word_1_186' title='bbox 384 2317 535 2372; x_wconf 87' lang='lat' dir='ltr'>hominem.</span> <span class='ocrx_word' id='word_1_187' title='bbox 568 2316 691 2370; x_wconf 91' lang='lat' dir='ltr'>Abintus</span> <span class='ocrx_word' id='word_1_188' title='bbox 710 2314 785 2368; x_wconf 85' lang='lat' dir='ltr'>enirn</span> <span class='ocrx_word' id='word_1_189' title='bbox 805 2314 840 2366; x_wconf 89' lang='lat' dir='ltr'>de</span> <span class='ocrx_word' id='word_1_190' title='bbox 860 2312 944 2366; x_wconf 90' lang='lat' dir='ltr'>corde</span> <span class='ocrx_word' id='word_1_191' title='bbox 958 2312 1050 2365; x_wconf 86' lang='lat' dir='ltr'>horni-</span> 
     </span>
     <span class='ocr_line' id='line_1_28' title="bbox 298 2392 1048 2466; baseline -0.011 -14"><span class='ocrx_word' id='word_1_192' title='bbox 298 2415 366 2451; x_wconf 87' lang='lat' dir='ltr'>nurn</span> <span class='ocrx_word' id='word_1_193' title='bbox 385 2399 477 2452; x_wconf 87' lang='lat' dir='ltr'>maiae</span> <span class='ocrx_word' id='word_1_194' title='bbox 497 2397 687 2466; x_wconf 83' lang='lat' dir='ltr'>cogitationes</span> <span class='ocrx_word' id='word_1_195' title='bbox 706 2393 878 2463; x_wconf 86' lang='lat' dir='ltr'>procedunt,</span> <span class='ocrx_word' id='word_1_196' title='bbox 898 2392 1048 2458; x_wconf 88' lang='lat' dir='ltr'>adulteria,</span> 
     </span>
     <span class='ocr_line' id='line_1_29' title="bbox 76 2471 1048 2545; baseline -0.006 -15"><span class='ocrx_word' id='word_1_197' title='bbox 76 2499 103 2531; x_wconf 82' lang='lat' dir='ltr'>m</span> <span class='ocrx_word' id='word_1_198' title='bbox 112 2498 235 2542; x_wconf 59' lang='grc'>111111.</span> <span class='ocrx_word' id='word_1_199' title='bbox 245 2482 280 2532; x_wconf 78' lang='grc'>22</span> <span class='ocrx_word' id='word_1_200' title='bbox 300 2479 518 2545; x_wconf 85' lang='lat' dir='ltr'>fornicationes,</span> <span class='ocrx_word' id='word_1_201' title='bbox 553 2475 722 2542; x_wconf 89' lang='lat' dir='ltr'>homicidia,</span> <span class='ocrx_word' id='word_1_202' title='bbox 751 2473 865 2540; x_wconf 79' lang='lat' dir='ltr'>¹furta,</span> <span class='ocrx_word' id='word_1_203' title='bbox 899 2471 1048 2537; x_wconf 87' lang='lat' dir='ltr'>avaritiae,</span> 
     </span>
     <span class='ocr_line' id='line_1_30' title="bbox 298 2553 1047 2628; baseline -0.009 -16"><span class='ocrx_word' id='word_1_204' title='bbox 298 2560 456 2628; x_wconf 87' lang='lat' dir='ltr'>nequitiae,</span> <span class='ocrx_word' id='word_1_205' title='bbox 481 2559 576 2625; x_wconf 79' lang='lat' dir='ltr'>delira,</span> <span class='ocrx_word' id='word_1_206' title='bbox 599 2555 807 2624; x_wconf 82' lang='lat' dir='ltr'>impudicitiae,</span> <span class='ocrx_word' id='word_1_207' title='bbox 828 2554 926 2607; x_wconf 89' lang='lat' dir='ltr'>oculus</span> <span class='ocrx_word' id='word_1_208' title='bbox 945 2553 1047 2619; x_wconf 75' lang='lat' dir='ltr'>malua,</span> 
     </span>
     <span class='ocr_line' id='line_1_31' title="bbox 245 2633 1046 2710; baseline -0.011 -16"><span class='ocrx_word' id='word_1_209' title='bbox 245 2644 279 2694; x_wconf 79' lang='lat'>23</span> <span class='ocrx_word' id='word_1_210' title='bbox 298 2640 489 2710; x_wconf 84' lang='lat' dir='ltr'>blasphemia,</span> <span class='ocrx_word' id='word_1_211' title='bbox 514 2637 663 2706; x_wconf 88' lang='lat' dir='ltr'>superbia,</span> <span class='ocrx_word' id='word_1_212' title='bbox 684 2635 815 2690; x_wconf 85' lang='lat' dir='ltr'>stultitia.</span> <span class='ocrx_word' id='word_1_213' title='bbox 854 2633 962 2689; x_wconf 88' lang='lat' dir='ltr'>Omnia.</span> <span class='ocrx_word' id='word_1_214' title='bbox 975 2633 1046 2686; x_wconf 87' lang='lat' dir='ltr'>haec</span> 
     </span>
    </p>
   </div>
   <div class='ocr_carea' id='block_1_3' title="bbox 351 2805 947 3172">
    <p class='ocr_par' dir='ltr' id='par_1_6' title="bbox 351 2805 754 2864">
     <span class='ocr_line' id='line_1_32' title="bbox 351 2805 754 2864; baseline -0.01 -13"><span class='ocrx_word' id='word_1_215' title='bbox 351 2816 364 2851; x_wconf 83' lang='lat'><strong><em>9</em></strong></span> <span class='ocrx_word' id='word_1_216' title='bbox 378 2808 400 2864; x_wconf 54' lang='grc' dir='ltr'><strong><em>ᾗ</em></strong></span> <span class='ocrx_word' id='word_1_217' title='bbox 414 2806 510 2851; x_wconf 84' lang='lat' dir='ltr'>fecistis</span> <span class='ocrx_word' id='word_1_218' title='bbox 592 2811 619 2848; x_wconf 87' lang='lat'>10</span> <span class='ocrx_word' id='word_1_219' title='bbox 632 2805 694 2855; x_wconf 84' lang='lat' dir='ltr'>vel]</span> <span class='ocrx_word' id='word_1_220' title='bbox 711 2807 754 2847; x_wconf 83' lang='lat' dir='ltr'>aut</span> 
     </span>
    </p>

    <p class='ocr_par' dir='ltr' id='par_1_7' title="bbox 351 2867 807 2924">
     <span class='ocr_line' id='line_1_33' title="bbox 351 2867 807 2924; baseline -0.013 -10"><span class='ocrx_word' id='word_1_221' title='bbox 351 2878 378 2914; x_wconf 85' lang='lat'>12</span> <span class='ocrx_word' id='word_1_222' title='bbox 392 2870 520 2924; x_wconf 87' lang='lat' dir='ltr'>quicquam</span> <span class='ocrx_word' id='word_1_223' title='bbox 609 2873 636 2910; x_wconf 73' lang='lat'>14</span> <span class='ocrx_word' id='word_1_224' title='bbox 648 2867 761 2921; x_wconf 79' lang='lat' dir='ltr'>intelleg-</span> <span class='ocrx_word' id='word_1_225' title='bbox 776 2875 807 2909; x_wconf 77' lang='lat' dir='ltr'>etc</span> 
     </span>
    </p>

    <p class='ocr_par' dir='ltr' id='par_1_8' title="bbox 351 2929 884 2984">
     <span class='ocr_line' id='line_1_34' title="bbox 351 2929 884 2984; baseline -0.009 -8"><span class='ocrx_word' id='word_1_226' title='bbox 351 2939 378 2976; x_wconf 89' lang='lat'>15</span> <span class='ocrx_word' id='word_1_227' title='bbox 393 2932 515 2982; x_wconf 55' lang='lat' dir='ltr'>(time</span> <span class='ocrx_word' id='word_1_228' title='bbox 529 2933 554 2975; x_wconf 79' lang='lat' dir='ltr'>et</span> <span class='ocrx_word' id='word_1_229' title='bbox 567 2930 634 2981; x_wconf 81' lang='lat' dir='ltr'>intr.)</span> <span class='ocrx_word' id='word_1_230' title='bbox 660 2931 663 2983; x_wconf 78' lang='grc'>1</span> <span class='ocrx_word' id='word_1_231' title='bbox 689 2931 710 2984; x_wconf 65' lang='lat' dir='ltr'>{a</span> <span class='ocrx_word' id='word_1_232' title='bbox 725 2929 884 2982; x_wconf 84' lang='lat' dir='ltr'>coinquinant</span> 
     </span>
    </p>

    <p class='ocr_par' dir='ltr' id='par_1_9' title="bbox 352 2991 947 3110">
     <span class='ocr_line' id='line_1_35' title="bbox 352 2991 947 3049; baseline -0.007 -11"><span class='ocrx_word' id='word_1_233' title='bbox 352 3002 378 3038; x_wconf 72' lang='lat'>18</span> <span class='ocrx_word' id='word_1_234' title='bbox 392 2995 413 3049; x_wconf 62' lang='lat' dir='ltr'>g·</span> <span class='ocrx_word' id='word_1_235' title='bbox 429 2993 585 3047; x_wconf 85' lang='lat' dir='ltr'>coinquinare</span> <span class='ocrx_word' id='word_1_236' title='bbox 660 2999 686 3035; x_wconf 86' lang='lat'>19</span> <span class='ocrx_word' id='word_1_237' title='bbox 700 2991 784 3035; x_wconf 84' lang='lat' dir='ltr'>introit</span> <span class='ocrx_word' id='word_1_238' title='bbox 809 2997 812 3043; x_wconf 80' lang='grc'>1</span> <span class='ocrx_word' id='word_1_239' title='bbox 839 3013 863 3024; x_wconf 96' lang='grc'>-</span> <span class='ocrx_word' id='word_1_240' title='bbox 878 2991 947 3035; x_wconf 84' lang='lat' dir='ltr'>vadit</span> 
     </span>
     <span class='ocr_line' id='line_1_36' title="bbox 353 3056 673 3110; baseline -0.009 -10"><span class='ocrx_word' id='word_1_241' title='bbox 353 3063 379 3100; x_wconf 81' lang='lat'>20</span> <span class='ocrx_word' id='word_1_242' title='bbox 393 3057 414 3110; x_wconf 53' lang='grc' dir='ltr'>ᾗ</span> <span class='ocrx_word' id='word_1_243' title='bbox 430 3056 590 3109; x_wconf 82' lang='lat' dir='ltr'>coinquinant</span> <span class='ocrx_word' id='word_1_244' title='bbox 605 3061 673 3109; x_wconf 74' lang='grc'>,1123</span> 
     </span>
    </p>

    <p class='ocr_par' dir='ltr' id='par_1_10' title="bbox 353 3116 858 3172">
     <span class='ocr_line' id='line_1_37' title="bbox 353 3116 858 3172; baseline -0.006 -11"><span class='ocrx_word' id='word_1_245' title='bbox 353 3125 378 3161; x_wconf 77' lang='lat'>21</span> <span class='ocrx_word' id='word_1_246' title='bbox 394 3123 417 3168; x_wconf 92' lang='lat'>&gt;</span> <span class='ocrx_word' id='word_1_247' title='bbox 433 3121 507 3172; x_wconf 83' lang='lat' dir='ltr'>cogit.</span> <span class='ocrx_word' id='word_1_248' title='bbox 523 3118 602 3161; x_wconf 82' lang='lat' dir='ltr'>malae</span> <span class='ocrx_word' id='word_1_249' title='bbox 674 3123 701 3159; x_wconf 77' lang='lat'>22</span> <span class='ocrx_word' id='word_1_250' title='bbox 715 3116 858 3170; x_wconf 81' lang='lat' dir='ltr'>inpudicitia</span> 
     </span>
    </p>
   </div>
   <div class='ocr_carea' id='block_1_4' title="bbox 646 3195 687 3238">
    <p class='ocr_par' dir='ltr' id='par_1_11' title="bbox 646 3195 687 3238">
     <span class='ocr_line' id='line_1_38' title="bbox 646 3195 687 3238; baseline 0.049 -2"><span class='ocrx_word' id='word_1_251' title='bbox 646 3195 687 3238; x_wconf 76' lang='lat'>104</span> 
     </span>
    </p>
   </div>
   <div class='ocr_carea' id='block_1_5' title="bbox 0 0 1142 3434">
    <p class='ocr_par' dir='ltr' id='par_1_12' title="bbox 0 0 1142 3434">
     <span class='ocr_line' id='line_1_39' title="bbox 0 0 1142 3434; baseline 0 0"><span class='ocrx_word' id='word_1_252' title='bbox 0 0 1142 3434; x_wconf 95' lang='lat' dir='ltr'> </span> 
     </span>
    </p>
   </div>
  </div>
 </body>
</html>
