2275 3434
252 190 371 256 ACTVS
393 199 676 257 APOSTOLORVM.
739 203 881 270 las-ao.

111 361 279 437 Astiterunt
298 377 379 430 reges
398 364 500 429 terrae,
848 369 883 418 ‘26

153 446 183 495 et
201 441 346 511 principes
365 447 560 498 convenerunt
579 444 608 498 in
626 461 714 499 unum

113 521 257 576 adversus
278 522 446 590 Dominum,
471 527 500 578 et
526 523 664 578 adversus
684 523 829 579 Christum

54 608 57 612 “
189 602 272 657 eius?

72 686 276 741 convenerunt
291 683 365 737 enim
378 700 444 738 vere
457 684 486 738 in
496 684 614 740 civitate
624 685 682 739 ista
691 684 829 740 adversus
849 689 883 738 27
895 706 909 739 r.
921 707 979 748 aaa

72 768 213 819 sanctum
237 780 357 833 puerum
378 768 460 819 tuum
479 765 585 833 lesum,
609 782 694 836 quem
713 764 830 832 unxisti,

72 843 218 911 Herodes,
238 848 268 898 et
287 844 407 899 Pontius
423 844 533 899 Pilatus
553 862 617 899 cum
632 846 781 912 Gentibus,
801 850 831 900 et

73 923 194 994 populis
220 924 323 991 Israel,
340 926 345 963 ¹
360 924 455 979 lacere
481 941 555 994 quae
581 942 683 980 manus
710 929 775 992 tua,
801 930 831 981 et
849 928 941 990 28a2a

75 1004 230 1059 consilium
258 1008 339 1058 tuum
366 1001 553 1060 decreverunt
581 1006 650 1061 fieri.
691 1006 728 1061 Et
755 1022 831 1061 nunc
849 1012 969 1071 allieas.

76 1085 202 1139 Domine
221 1085 332 1154 respice
351 1085 379 1139 in
399 1086 492 1140 minas
512 1102 618 1154 corum,
638 1090 666 1141 et
685 1086 723 1141 da
739 1086 830 1141 servis

76 1166 137 1220 tuis
165 1182 232 1219 cum
261 1166 337 1219 omni
364 1165 469 1220 fiducia
493 1167 571 1235 loqui
596 1167 715 1221 verbum
740 1171 830 1234 tuum,

78 1248 108 1300 in
134 1262 168 1300 eo
193 1244 270 1315 qudd
295 1262 411 1301 manum
437 1250 518 1301 tuam
541 1246 680 1301 extendas
699 1247 736 1301 ad
754 1247 830 1302 sani·
849 1254 885 1304 30

78 1330 172 1393 tates,
201 1327 230 1380 et
253 1326 351 1395 signa,
378 1330 407 1381 et
429 1326 560 1396 prodigia
579 1327 639 1381 fieri
657 1344 709 1396 per
727 1344 829 1382 noman

79 1406 174 1461 sancti
193 1405 244 1460 filii
262 1406 304 1461 tui
324 1406 396 1460 lesu.
433 1406 470 1461 Et
489 1424 552 1461 cum
572 1412 713 1476 orassent,
734 1411 1024 1473 motu8312,2.4;1c‚2⁶.

80 1490 125 1541 est
142 1487 237 1553 locus,
257 1486 285 1540 in
305 1502 361 1555 quo
381 1491 463 1541 erant
481 1488 660 1557 congregati:
681 1493 710 1543 et
728 1489 829 1558 repleti

80 1570 148 1621 sunt
176 1581 276 1635 omnes
303 1566 412 1636 Spiritu
440 1570 554 1635 sancto,
583 1573 612 1624 et
638 1568 831 1639 loquebantur

80 1646 200 1701 verbum
219 1646 273 1701 Dei
293 1662 357 1701 cum
376 1646 488 1701 fiducia.
514 1716 516 1719 v

49 1738 74 1782 12
151 1726 344 1782 Multitudinis
371 1731 467 1782 autem
492 1728 668 1785 credentium
694 1733 757 1785 erat
782 1736 940 1795 001‘322,⁴4.

81 1825 182 1875 unum,
210 1811 238 1862 et
264 1807 359 1861 anima
382 1825 454 1863 una:
480 1826 533 1863 nec
552 1810 704 1880 quisquam
724 1827 829 1876 eorum,

82 1904 154 1957 quse
178 1886 364 1958 possidebat,
390 1888 497 1958 aliquid
520 1907 603 1943 suurn
623 1907 687 1945 esse
706 1890 829 1957 dicebat,

82 1968 130 2022 sed
157 1972 242 2023 erant
267 1966 322 2022 illis
347 1969 443 2023 omnia
462 1970 635 2024 communia
668 1970 705 2024 Et
724 1970 829 2026 virtute
849 1976 883 2026 33
894 1996 941 2036 aa.

81 2066 187 2119 magna
204 2047 365 2103 reddebant
378 2049 515 2118 Apostoli¹
526 2049 722 2104 testimonium
738 2067 830 2104 resur·

82 2128 217 2184 rectionis
235 2128 300 2183 Iesu
315 2128 421 2185 Christi
435 2130 550 2185 Domini
568 2130 673 2184 nostri:
693 2133 722 2184 et
735 2131 830 2199 gratia

81 2226 186 2279 magna
201 2212 264 2264 erat
279 2209 307 2263 in
323 2210 454 2264 omnibus
468 2208 532 2265 illis}
553 2210 651 2280 Neque
665 2210 740 2265 enim
753 2210 829 2279 quis·
848 2216 883 2266 34
893 2236 940 2276 aa.

83 2304 166 2359 quam
190 2305 280 2359 egens
304 2293 366 2344 erat
386 2290 461 2345 inter
478 2291 549 2345 illos.
588 2290 735 2360 Quotquot
753 2291 829 2343 enim

82 2384 265 2437 possessores
281 2386 422 2439 agrorum,
440 2375 490 2426 aut
505 2370 652 2425 domorum
667 2374 750 2425 erant
763 2387 830 2424 ven·

84 2449 182 2505 dentes
208 2449 371 2505 afferebant
387 2450 480 2519 pretia
499 2467 610 2518 eorum,
634 2467 709 2521 quae
726 2450 830 2505 vende-

83 2528 165 2597 bant,
205 2533 234 2584 et
256 2530 404 2599 ponebant
427 2534 494 2586 ante
513 2531 602 2600 pedes
620 2532 829 2600 Apostolorum.
849 2535 883 2584 35

84 2609 273 2665 Dividebatur
291 2614 389 2664 autem
407 2611 526 2680 singulis
541 2616 627 2681 prout
641 2611 743 2683 cuique
757 2627 830 2681 opus
885 2654 888 2658 .

86 2694 152 2745 erat.
225 2689 328 2759 loseph
348 2693 457 2757 autem,
481 2691 530 2760 qui
548 2693 766 2761 cognominatus
786 2695 831 2746 est
850 2697 884 2746 36
896 2714 982 2754 rann.

86 2768 233 2825 Barnabas
261 2771 297 2827 ab
321 2771 480 2840 Apostolis‚
510 2772 598 2841 (quod
624 2778 669 2829 est
693 2774 831 2843 interpre·
895 2759 945 2799 ¹⁸‘⁴³
959 2759 1016 2799 Μ’

87 2854 175 2906 tatum
199 2851 287 2906 Filius
312 2851 526 2920 consolationis)
551 2854 682 2921 LeviteS,
709 2852 831 2923 Cyprius

138 3030 222 3074 as-?
303 3032 527 3086 soquodlcum·l
554 3033 625 3075 -sd

138 3108 164 3145 32
178 3123 201 3135 -
216 3114 291 3147 unum
371 3110 398 3146 aa
413 3124 436 3136 -
452 3104 531 3147 nostri

139 3178 164 3215 35
179 3173 350 3218 dividebantur

446 3252 491 3296 aco
