2275 3434
218 138 361 205 osci-35.
425 136 544 192 ACTVS
568 136 850 192 APOSTOLORVM.

274 298 423 353 Carcerem
456 297 570 367 quidem
602 297 762 352 invenimus
795 298 925 351 clausum
959 316 1026 353 cum

273 379 349 433 omni
371 378 533 448 diligentia,
558 381 587 432 et
608 377 744 433 custodes
762 381 876 433 stantes
895 382 965 433 ante
985 379 1025 433 ia·

272 475 358 513 nuas:
384 459 546 527 aperientes
571 462 667 513 autem
685 458 827 513 neminem
846 458 926 513 intus
946 459 1025 513 inve·

218 544 254 595 24
272 540 375 595 nimus.
416 539 455 594 Ut
488 543 585 594 autem
613 538 767 593 audierunt
793 539 846 594 lios
873 555 1025 595 sermones

272 620 459 689 magistratus
483 620 597 689 templi,
623 624 653 674 et
676 619 819 689 principes
837 619 1025 675 sacerdotum

218 704 253 757 25
274 700 458 770 ambigebant
473 699 507 754 de
522 700 577 754 illis
591 699 728 769 quidnam
742 700 831 755 fieret.
857 699 1026 755 Adveniens

273 784 369 835 autern
393 779 509 849 quidam
532 780 680 835 nunciavit
698 781 755 835 eis:
781 780 855 850 Quia
874 796 943 835 ecce
962 781 1026 849 vin',

273 878 345 931 quos
370 861 507 930 posuistis
533 861 562 915 in
588 878 746 929 carcerem,
772 865 840 916 sunt
865 861 895 914 in
913 862 1026 931 templo

217 945 397 1008 asstantes,
424 945 454 996 et
477 941 614 996 docentes
633 942 777 1011 populum.
850 941 933 996 Tunc
952 942 1026 997 abiit

272 1021 460 1091 magistratus
486 1039 550 1076 curn
576 1022 732 1089 ministris,
757 1026 787 1077 et
812 1020 934 1077 adduxit
959 1022 1025 1077 illos

272 1102 333 1156 sine
359 1102 401 1155 vi:
427 1102 570 1157 timebant
595 1102 671 1156 enim
695 1099 832 1171 populum
857 1119 894 1157 ne
913 1102 1025 1173 lapida-

218 1188 251 1239 27
272 1186 378 1237 rentur.
415 1182 536 1236 Etcum
556 1182 746 1238 adduxissent
763 1182 836 1250 illos,
857 1186 1026 1239 statuerunt

272 1263 301 1316 in
326 1263 459 1317 concilio:
486 1263 523 1318 Et
548 1264 736 1333 interrogavit
754 1280 804 1318 eos
823 1263 958 1333 princeps
978 1280 1024 1319 sa-

49 1365 96 1404 aa.
110 1362 137 1397 ut
149 1364 207 1417 ape.
218 1350 253 1399 28
273 1344 432 1411 remotum,
449 1343 578 1399 ltlieens:
597 1344 803 1413 Praecipiendo
822 1344 1024 1413 praecepimus

272 1424 354 1479 vobis
380 1440 416 1478 ne
442 1424 583 1479 doceretis
609 1424 639 1478 in
664 1424 777 1480 nornine
803 1426 874 1480 isto:
901 1428 932 1479 et
955 1441 1024 1479 ecce

272 1504 403 1573 replestis
423 1503 578 1559 Ierusalem
601 1504 731 1558 doctrina
750 1508 860 1559 vestra:
885 1509 916 1559 et
933 1504 1024 1560 vultis

272 1583 405 1638 inducere
425 1600 512 1653 super
530 1601 583 1638 nos
602 1584 771 1653 sanguinem
789 1584 912 1640 bominis
925 1583 1023 1639 istius

58 1688 105 1727 aa.
118 1685 149 1719 un
160 1688 207 1728 aa.
217 1672 253 1723 29
272 1663 458 1733 Respondens
478 1668 575 1719 autem
593 1665 711 1731 PetruS,
731 1669 760 1719 et
778 1665 923 1733 Apostoli,
944 1664 1023 1721 dixe·

91 1756 94 1762 '
272 1748 353 1799 runt:
381 1743 504 1800 Obedire
523 1749 637 1813 oportet
656 1745 716 1799 Deo
735 1745 842 1815 magiS,
865 1746 953 1815 quarn
972 1746 1023 1801 bo-

113 1847 139 1881 ut
150 1848 208 1889 asa
218 1833 253 1883 30
272 1826 405 1880 minibus
442 1826 521 1880 Deus
546 1829 661 1895 patrum
687 1830 849 1880 nostrorum
868 1826 1023 1882 suscitavit

161 1894 208 1935 ³¹¹⁶·
273 1906 381 1973 lesurn,
408 1922 492 1975 quem
511 1922 563 1961 vos
582 1906 783 1974 interemistiS,
809 1905 1023 1975 suspendentes

161 2012 208 2051 aaa
220 1993 252 2043 31
273 1987 301 2041 in
315 1986 400 2055 ligno.
428 1986 511 2041 Hunc
524 1986 691 2057 principem,
711 1991 740 2041 et
754 1987 927 2041 salvatorem
942 1986 1024 2042 Deus

68 2054 86 2086 Η
98 2056 149 2097 ᾙοῗ
163 2056 208 2096 ¹²³·
274 2067 412 2122 exaltavit
424 2066 543 2121 dextera
558 2084 612 2121 sua
626 2066 663 2121 ad
676 2066 800 2121 dandam
813 2066 1023 2136 poenitentiam

123 2172 208 2212 ausa
220 2154 254 2205 32
273 2147 385 2215 Israeli,
411 2151 440 2201 et
465 2146 662 2201 remissionem
685 2151 877 2216 peccatorum.
915 2152 945 2202 et
969 2166 1023 2203 nos

50 2214 209 2259 ³⁷’³⁰³¹⁵’²⁰·²⁷·
273 2244 372 2282 sumus
401 2230 491 2285 testes
519 2227 620 2282 horum
648 2229 811 2294 verborum,
841 2232 870 2281 et
895 2227 1023 2297 Spiritus

274 2311 400 2375 sanctae,
419 2324 504 2377 quem
523 2308 603 2362 dedit
617 2308 695 2362 Deus
714 2308 846 2363 omnibus
864 2308 1023 2364 obedienti-

162 2414 209 2455 aa.
220 2394 254 2445 33
273 2389 327 2442 bus
337 2388 401 2443 sibi.
420 2386 498 2443 Haeo
508 2405 574 2442 curn
584 2388 741 2456 audissent,
751 2388 980 2457 dissecabantur,
992 2392 1024 2445 et

161 2494 209 2535 aas.
220 2474 255 2525 34
274 2468 440 2537 cogitabant
459 2469 619 2523 interficere
637 2469 709 2524 illos.
778 2469 904 2538 Surgens
924 2474 1024 2525 autern

274 2548 389 2618 quidam
408 2550 437 2604 in
453 2549 572 2604 concilio
586 2548 768 2616 Pharisaeus
787 2549 902 2605 nornine
917 2550 1023 2605 Gama-

273 2629 334 2697 liel,
362 2630 534 2699 legisdoctor
559 2630 733 2684 honorabilis
759 2630 910 2689 universae
936 2632 1024 2700 plebi,

219 2715 254 2767 35
272 2710 358 2765 iussit
372 2710 450 2765 foras
465 2710 501 2764 ad
513 2709 600 2765 breve
612 2710 741 2765 homines
753 2710 822 2764 lieri.
842 2710 1024 2780 dixitquead

326 2976 352 3013 23
367 2970 398 3013 ad
412 2968 461 3012 ian.

326 3047 353 3085 25
367 3040 392 3085 iu
407 3051 503 3085 carcere

327 3120 352 3158 31
369 3116 391 3167 >
408 3111 466 3159 daus
480 3112 557 3167 princ.
574 3114 599 3156 at
613 3113 675 3159 salv.
701 3114 705 3167 Ι
729 3112 820 3158 israhel
918 3151 925 3162 ,

617 3191 659 3237 312
