2275 3434
215 174 356 242 lsi-23.
429 174 629 230 SECVNDVM
654 174 829 230 lOANNEM.

268 334 426 390 cendemnt
444 334 549 390 trabes
569 335 644 403 eius,
668 339 739 390 tunc
756 338 785 389 et
804 335 867 404 ipse
886 334 1026 389 ascendit

269 414 306 469 ad
329 414 404 469 diem
423 414 530 469 festum
549 432 606 470 non
624 414 791 480 manifeste,
814 413 867 469 sed
886 414 973 483 quasi
994 414 1026 469 in

215 499 248 550 ll
269 496 389 551 occulto.
425 494 523 551 Iudaei
546 512 615 564 ergo
638 496 815 565 quaerebant
838 511 905 549 cum
923 495 956 558 in
976 494 1027 549 die

65 597 94 627 u.
108 595 135 629 ru
145 596 205 637 nea
215 579 249 630 12
268 575 353 643 festo,
373 579 403 629 et
421 574 572 630 dicebant:
595 575 649 630 Ubi
668 579 714 631 est
731 575 799 629 ille?
834 574 872 628 nt
891 592 1026 629 murmur

267 656 388 710 multum
414 660 476 710 erat
501 656 530 710 in
555 655 642 710 turba
665 656 701 710 de
719 672 762 709 eo.
798 654 924 724 Quidam
945 656 1024 709 enim

269 736 417 790 dicebant:
444 736 519 806 Quia
543 736 637 790 bonus
659 739 713 790 est.
751 735 807 789 Alii
826 738 924 789 autem
946 734 1025 789 dica

78 816 354 878 o,n;12,n;13bant:
373 816 445 883 Non,
464 816 516 871 sed
534 816 648 871 seducit
664 815 775 870 turbas.
811 814 902 869 Nemo
921 818 1024 869 tamen

102 882 160 923 ¹⁹³⁸·
268 897 364 966 palam
388 897 560 967 loquebatur
586 896 622 951 de
646 897 694 951 illo
712 899 830 965 propter
847 899 962 950 matum
979 896 1025 949 Iu·

269 976 413 1031 dacorum.
497 1002 501 1011 ν

175 1078 204 1110 ar.
216 1059 250 1110 14
340 1056 400 1110 lam
427 1060 522 1111 autem
542 1055 588 1110 die
608 1056 683 1111 festo
702 1055 861 1120 mediante,
887 1056 1024 1111 ascendit

108 1156 136 1189 ai
147 1158 205 1198 mu.
216 1138 250 1189 15
269 1136 349 1190 lesus
368 1136 397 1190 in
416 1137 563 1206 templum,
583 1140 612 1191 et
632 1136 762 1191 docebat.
791 1135 827 1190 Et
839 1135 1024 1191 mirabantur

131 1202 206 1243 usu.
269 1215 381 1283 ludaei,
407 1215 550 1271 dicentes:
577 1216 726 1285 Quomodo
750 1215 799 1269 hic
822 1215 937 1269 litteras
957 1216 1023 1281 scit,

146 1299 250 1357 12,u.16
269 1312 334 1350 cum
359 1312 416 1350 non
441 1295 593 1350 didicerit?
630 1294 788 1365 Respondit
806 1296 848 1349 eis
862 1294 968 1361 iesus,
994 1298 1024 1349 et

269 1374 356 1430 dixit:
381 1374 445 1430 Mea
470 1375 601 1430 doctrina
626 1392 683 1430 non
707 1378 752 1429 est
769 1391 850 1440 mea,
875 1374 934 1429 sed
949 1375 1022 1441 eius,

216 1458 249 1509 17
269 1456 318 1525 qui
346 1455 424 1510 misit
450 1472 505 1511 me.
543 1456 575 1511 Si
602 1456 668 1524 quis
694 1454 817 1511 voluerit
841 1455 1020 1509 voluntatem

269 1536 331 1589 eius
350 1535 461 1591 facere:
481 1538 636 1605 cognoscet
655 1534 691 1589 de
710 1534 848 1601 doctrina,
866 1537 967 1588 utrum
986 1552 1019 1589 ex

117 1637 205 1678 arr-u.
217 1618 250 1669 18
269 1616 330 1671 Deo
356 1616 409 1684 sit,
436 1633 472 1670 an
498 1632 551 1685 ego
578 1632 596 1670 a
619 1632 666 1670 me
692 1615 756 1684 ipso
781 1615 889 1683 loquar.
929 1614 1018 1684 Quia

269 1695 424 1766 semetipso
443 1696 577 1765 loquitur,
596 1696 715 1765 gloriam
733 1694 878 1765 propriam
896 1698 1013 1764 quaent

270 1775 318 1845 qui
346 1780 441 1831 autem
469 1776 582 1845 quaerit
609 1776 729 1845 gloriam
756 1775 832 1840 eius,
865 1774 913 1843 qui
944 1773 1012 1829 misit

46 1885 94 1925 m,
110 1880 147 1918 aee
158 1885 205 1924 m,
270 1872 350 1923 eum,
375 1856 422 1910 hic
446 1872 533 1910 verax
552 1861 612 1923 est,
638 1859 669 1910 et
686 1855 829 1910 iniustitia
847 1854 876 1907 in
895 1854 945 1909 illo
963 1870 1017 1909 non

90 1931 206 2014 „3¹73ss
217 1939 250 1990 19
270 1939 321 1990 est.
363 1936 464 1991 Nonne
491 1936 605 2006 Moyses
634 1934 713 1991 dedit
740 1936 824 1989 vobis
851 1935 964 2003 legem:
993 1939 1022 1990 et

100 2035 205 2077 uenere
216 2019 251 2070 20
269 2032 352 2071 nemo
379 2034 415 2071 ex
433 2016 515 2071 vobis
535 2016 607 2071 facit
625 2017 737 2084 legem?
774 2013 849 2084 Quid
867 2031 914 2068 me
934 2032 1023 2085 quae·

53 2081 205 2123 ⁸¹⁴⁸·⁶²³¹⁰‘⁹⁰·
269 2096 332 2151 sus
357 2096 536 2151 interficere?
573 2095 732 2165 Respondit
756 2094 856 2161 turha,
882 2098 913 2166 et
932 2094 1022 2150 dixit:

270 2175 458 2231 Daemonium
489 2176 597 2230 habes:
630 2176 695 2244 quis
727 2179 757 2229 te
789 2173 901 2243 quaerit
934 2174 1023 2229 inter·

158 2276 205 2317 an.
215 2259 248 2309 21
269 2255 374 2309 ficere?
411 2255 569 2325 Respondit
588 2255 683 2322 issue,
703 2258 733 2309 et
751 2254 824 2309 dixit
842 2254 898 2308 eis:
924 2254 1023 2309 Unum

64 2354 95 2388 on
108 2339 250 2397 ias-1222
270 2351 342 2404 opus
375 2334 446 2401 feci,
479 2339 509 2390 et
539 2351 639 2389 omnes
666 2333 815 2389 miramini.
861 2334 1024 2403 Propterea

99 2399 129 2433 L*
140 2400 180 2442 ’Μ
190 2409 205 2433 “
269 2414 381 2483 Moyses
401 2414 480 2469 dedit
494 2415 577 2470 vobis
591 2414 849 2469 circumcisionem:
869 2417 938 2481 (non
954 2414 1024 2483 quia

270 2510 305 2549 ex
321 2494 419 2564 Moyse
438 2498 491 2562 est,
511 2494 563 2549 sed
582 2511 618 2548 ex
636 2493 779 2563 patribus)
800 2494 876 2547 etin
895 2494 1023 2549 sabbato

168 2578 250 2638 s‚a.23
271 2574 472 2630 circumciditis
508 2575 659 2629 hominem.
711 2574 741 2628 Si
774 2574 1023 2628 circumcisionem

270 2655 374 2725 accipit
401 2656 486 2711 homo
515 2656 544 2708 in
573 2654 712 2721 sabbato,
745 2658 778 2710 ut
804 2670 862 2709 non
890 2654 1023 2708 solvatur

269 2737 315 2790 lex
346 2736 454 2805 Moysi:
491 2735 561 2789 mihi
598 2734 784 2805 indignamini
821 2734 889 2804 quia
925 2737 1021 2789 toturn

323 2956 349 2991 12
363 2948 420 3003 w
434 2948 524 2992 multus
549 2949 553 3001 Ι
581 2952 603 2998 >
620 2949 649 2991 de
665 2960 693 2991 eo
707 2950 760 2991 erat
774 2949 799 2991 in
813 2951 832 2991 t.

323 3017 349 3053 17
363 3010 384 3064 5
399 3008 491 3063 meipso
506 3012 540 3058 (aa
552 3008 579 3055 c
592 3014 628 3052 arc
641 3019 661 3053 oc
674 3016 699 3059 e,-
708 3017 760 3060 sus
772 3015 869 3053 suumve·
878 3011 958 3061 pocae)

324 3078 349 3114 ra
363 3081 417 3115 eum
430 3075 439 3121 ]
453 3070 526 3115 illum*

323 3140 348 3177 19
361 3132 460 3186 legem?
475 3164 481 3176 .
494 3164 500 3175 .
512 3165 517 3175 .
531 3133 619 3187 legem.

614 3211 655 3255 252
