2275 3434
353 163 404 218 Ao
427 163 617 220 npaasros.
754 167 903 235 rna-as.

91 325 187 392 pater
210 323 333 391 gloriae,
359 323 408 378 det
432 325 514 380 vobis
533 325 666 395 spiritum
689 326 850 395 sapientiae

92 408 127 458 et
148 404 342 472 revelationis,
361 405 390 458 in
410 406 556 474 agnitione
574 406 652 462 eius:
676 407 850 461 illuminatos
871 411 904 462 18
916 427 940 461 m
951 430 1017 468 aar.

92 485 200 539 oculos
220 484 436 553 cordisvestri,
461 489 494 540 ut
512 487 613 542 sciatis
633 503 707 557 quae
725 488 764 543 sit
781 504 850 557 spes
870 501 877 543 J
916 473 1031 551 lllll'³·¹¹·

92 565 262 620 vocationis
280 565 351 633 eius,
370 569 400 620 et
418 579 492 635 quae
511 566 629 622 divitiae
646 567 754 636 gloriae
771 568 850 623 here·

94 645 202 700 ditatis
213 645 274 699 eius
284 645 313 699 in
323 645 440 713 sanctis
455 651 568 715 atquae
583 647 622 702 sit
635 648 851 717 supereminens
871 653 904 703 19
916 669 924 700 2
936 669 954 702 x
967 670 1013 709 nn.

93 717 269 795 magnitudo
288 725 403 781 virtutis
423 726 484 780 eius
502 729 532 780 in
550 744 617 796 nos,
641 729 690 797 qui
708 728 850 783 eredimus
914 714 1013 798 {39¹³
1025 716 1072 756 ψ·

95 806 260 860 secundum
278 807 473 876 operationem
487 808 635 876 potentiae
650 808 765 864 virtutis
780 808 850 877 eius,
874 839 877 846 ·
919 821 940 831 ·'

97 889 205 956 ¹quam
220 891 356 957 operatus
370 889 459 942 estin
474 887 598 956 Christo,
613 889 758 944 suscitans
772 890 851 944 illurn
869 893 905 945 20
915 909 938 942 a
952 912 1008 952 non.

97 985 116 1022 a
135 968 285 1035 mortuis,.
299 971 329 1023 et
347 969 526 1023 constituens
545 968 583 1022 ad
600 969 749 1025 dexteram
768 987 850 1025 suam

97 1049 128 1102 in
149 1048 339 1103 caelestibus:
364 1065 452 1118 supra
478 1065 591 1103 omnem
609 1049 803 1120 principatum
821 1055 851 1105 et
869 1055 902 1105 21
914 1071 952 1103 nn
963 1073 1013 1113 nm
1026 1073 1073 1113 ao.

99 1132 287 1198 potestatem,
306 1133 335 1183 et
353 1129 499 1197 virtutem,
518 1133 548 1184 et
566 1129 802 1198 dominationem,
820 1135 851 1186 et

99 1226 185 1264 omne
204 1225 323 1277 nomen,
348 1209 425 1279 quod
443 1210 608 1264 nominatur
630 1227 687 1265 non
710 1211 802 1265 solum
820 1212 850 1265 in

99 1289 155 1344 hoc
174 1289 303 1356 saeculo,
322 1289 373 1344 sed
392 1290 480 1345 etiam
503 1291 532 1344 in
551 1291 657 1346 futuro.
693 1292 731 1346 Et
756 1292 851 1346 omnia
869 1297 904 1348 22
916 1311 1073 1353 naaman.

99 1370 225 1424 subiecit
252 1370 306 1424 sub
333 1370 455 1440 pedibus
482 1371 560 1426 eius:
593 1377 623 1426 et
649 1373 745 1441 ipsum
772 1372 852 1428 dedit
914 1358 1073 1470 ⁴'¹E⁶¹³⁰¹¹’¹⁸·

965 1459 989 1480 ,.

99 1454 189 1520 caput
209 1467 299 1519 supra
316 1467 428 1506 omnem
445 1451 614 1520 Ecclesiam,
634 1469 709 1522 quae
728 1458 773 1508 est
791 1470 851 1508 cor-
869 1437 953 1515 232„
965 1485 1012 1524 nn.

99 1549 155 1601 pus
174 1532 281 1600 ipsius,
307 1535 336 1586 et
361 1532 507 1601 plenitudo
534 1533 610 1601 eius,
635 1534 685 1604 qui
708 1535 804 1589 omnia
821 1534 851 1587 in
914 1527 1022 1612 }‚1¹,‘,·¹⁹‘²'‘

79 1611 235 1668 aomnihus
270 1611 448 1681 adimpletur.
493 1613 531 1668 Et
557 1630 625 1681 voe,
653 1629 718 1671 eum
747 1606 890 1676 essetis?
915 1643 1073 1686 naaman.

101 1693 207 1748 mortui
227 1692 346 1759 delictis
366 1696 396 1748 et
413 1695 541 1763 pcccatis
556 1695 670 1762 vestris,
682 1696 687 1734 ¹
698 1695 727 1748 in
746 1695 850 1764 quibus
869 1697 887 1748 2
914 1717 954 1755 aa
966 1717 1013 1756 aa.

102 1773 254 1844 aliquando
293 1773 462 1828 ambulastis
504 1775 661 1829 secundum
704 1776 851 1829 saeculum
913 1761 997 1847 ἷίἓζέῐ,

103 1853 200 1908 mundi
219 1853 318 1921 huius,
344 1853 501 1909 secundum
518 1855 676 1924 principem
695 1855 850 1924 potestatis
915 1850 953 1883 “⁰¹
965 1851 1014 1890 aa.

106 1935 177 1988 aeris
187 1934 281 2001 huius,
296 1933 423 2003 spirituc,
433 1935 483 2004 qui
495 1951 571 1988 nunc
585 1939 720 2004 operatur
734 1936 763 1990 in
778 1936 850 1990 filios

109 2015 289 2081 diffidentiae,
308 2015 337 2069 in
352 2014 455 2084 quibus
473 2018 504 2069 et
516 2031 569 2068 nos
584 2032 683 2070 omnes
698 2016 850 2086 aliquando
870 2018 887 2068 3
915 2038 953 2070 ror
965 2039 1001 2078 aa.

109 2095 265 2150 conversati
283 2112 383 2150 sumus
401 2096 431 2150 in
449 2094 600 2150 desideriis
614 2097 709 2149 camis
725 2101 851 2163 nostrae,
917 2167 920 2172 ἰ

107 2176 244 2230 facientes
254 2176 431 2231 voluntatem
442 2175 545 2242 carnia,
555 2179 586 2230 et
595 2176 811 2244 cogitationum,
821 2182 851 2231 et

85 2267 218 2310 teramus
237 2259 341 2310 natura
358 2255 407 2310 filii
422 2257 490 2323 irae,
509 2257 586 2310 sicut
603 2260 632 2310 et
651 2257 752 2310 ceteri:
773 2257 851 2311 Deus
869 2260 889 2310 4
915 2279 1000 2320 ram.

107 2341 209 2404 autem,
228 2336 276 2406 qui
296 2336 376 2392 dives
395 2340 440 2391 est
459 2336 488 2391 in
507 2336 711 2403 misericotdia,
734 2341 852 2405 propter

106 2417 219 2472 nimiam
238 2416 408 2471 charitatem
427 2432 518 2485 suam,
537 2435 596 2486 qua
614 2417 714 2472 dilexit
732 2434 794 2482 noe,
805 2419 811 2455 ¹
822 2421 852 2471 et
870 2422 887 2470 5
915 2442 930 2473 ι,
942 2441 1029 2482 mnne.

108 2515 167 2552 curn
178 2513 307 2552 essemus
316 2498 421 2552 mortni
431 2499 568 2567 peecatiS,
578 2497 789 2553 convivificavit
798 2514 851 2550 nos
915 2489 962 2528 ⁶⁹¹⁴·
974 2485 991 2517 Β
1001 2487 1048 2526 ⁰³¹³·

157 2657 182 2695 17
196 2653 274 2706 pater,
289 2648 359 2704 w*
384 2650 387 2702 l
413 2649 584 2704 (agnitionem)

158 2719 183 2756 18
196 2713 280 2757 iulum.
296 2712 403 2764 [trabere]
430 2714 433 2765 Ι
460 2715 524 2756 -et

123 2801 127 2816 .
158 2783 183 2818 1⁹
197 2773 342 2819 credidimus

157 2844 181 2881 21
199 2860 222 2871 -
237 2837 311 2880 otiam
326 2838 362 2878 F¹
376 2839 401 2882 et
415 2839 481 2892 ΜΛ

157 2907 183 2944 22
197 2912 217 2945 s.
233 2901 314 2944 omnia
328 2901 446 2946 ecclesiae
463 2901 507 2953 tia
522 2903 556 2953 F)
611 2907 639 2945 23
653 2921 676 2933 ·-
691 2903 716 2943 et
734 2900 737 2951 Ι
759 2899 814 2954 qula
828 2901 851 2940 A

159 2963 196 3017 21
211 2964 318 3015 vos]†
333 2963 548 3017 convivificavit&
574 2963 579 3016 l
604 2985 628 2996 -
643 2967 668 3007 et
681 2962 709 3005 2⁰
724 2965 744 3003 Α

158 3027 305 3077 altaciatls)
331 3029 335 3079 Ι
359 3025 530 3078 voluntates&
551 3027 690 3080 voluptates
705 3027 730 3065 F
753 3027 757 3080 Ι
786 3025 852 3080 cogi-

111 3079 222 3124 tationem
237 3083 259 3122 Δ

159 3143 375 3186 {misericordiam
388 3146 412 3185 A
438 3142 443 3198 Ι
468 3153 539 3194 quam
553 3145 579 3182 F

466 3222 506 3264 tal
