2275 3434
285 135 484 189 SECVNDVM
504 136 742 191 MATTHAEVM.
778 136 936 202 “ibim—30.

132 296 266 350 ficulnea.
303 297 340 351 Et
363 296 493 352 videntes
520 296 665 366 discipuli,
690 298 785 351 mirati
809 301 885 365 sunt,
904 300 939 349 20

17 399 18 448 j
88 373 122 454 ἓξ
132 377 281 431 dicentes:
304 377 452 446 Quomodo
471 379 606 432 continuo
626 379 721 432 aruit?
758 378 885 447 Respon·
904 381 937 431 ‘21
951 400 1007 439 upo.

133 458 208 511 dens
229 461 325 512 autem
343 459 437 525 IesuS,
461 458 502 512 ait
521 459 577 512 eis:
601 460 692 513 Amen
712 458 774 513 dico
794 460 885 525 vohiS,

133 539 162 592 si
182 537 340 592 habueritis
358 538 453 605 fidem,
472 542 502 592 ct
515 556 573 593 non
588 539 809 606 haesitaveritis
829 556 886 594 non

133 618 229 672 solum
255 617 290 671 dc
315 618 437 672 ficulnea
462 617 591 685 facietiS‚
617 619 669 673 sed
695 623 724 673 et
748 620 772 673 si
796 620 885 674 monti

133 698 203 752 huic
222 697 360 765 dixeritis
380 699 467 766 Tolle,
486 702 515 753 et
534 700 611 753 iacto
630 703 659 753 te
676 700 705 753 in
721 717 808 767 mare,
828 700 885 754 fiet.

90 775 173 856 ssut
199 780 295 833 omnia
319 795 514 848 qiraecumque
540 780 681 848 petieritis
706 781 733 833 in
758 782 886 835 oratione
905 783 939 833 22

132 858 296 925 credentes
315 859 470 927 accipietis.

92 936 124 1015 ’ξ
207 940 245 993 Et
264 956 328 992 cum
344 940 473 993 venisset
491 940 520 993 in
534 941 681 1009 templum,
702 945 885 995 accesserunt
904 944 938 994 23
950 924 1089 1010 Μξῇζρῖἶᾏθ,

137 1020 174 1073 ad
196 1036 263 1073 eum
283 1018 444 1086 docentem,
470 1020 614 1088 principes
634 1020 830 1088 sacerdotum,
856 1026 885 1075 et
948 1016 1051 1110 Jffi‘&

137 1101 265 1154 seniores
291 1100 404 1169 populi,
430 1099 574 1154 dicentes:
600 1102 632 1154 In
657 1118 714 1169 qua
739 1105 885 1170 potestate
985 1100 990 1118 ’
1015 1099 1020 1109 “

134 1182 208 1235 haec
228 1179 321 1233 facis?
355 1180 393 1234 Et
411 1180 475 1249 quis
495 1181 548 1235 tibi
567 1181 646 1235 dedit
665 1182 739 1235 hanc
757 1186 885 1251 potesta·

132 1262 216 1315 tem?
258 1260 446 1329 Respondens
474 1261 553 1314 lesus
582 1261 654 1316 dixit
679 1262 735 1316 eis:
764 1262 885 1317 Interro-
904 1267 939 1317 24
1012 1302 1013 1305 η

132 1340 214 1409 gabo
238 1357 290 1394 vos
316 1345 345 1395 et
371 1358 423 1409 ego
449 1358 536 1394 unum
555 1358 730 1396 sermonem:
757 1359 841 1411 quem
861 1344 885 1397 si

135 1421 268 1474 dixeritis
294 1421 378 1487 mihi,
406 1425 436 1475 et
463 1437 516 1489 ego
541 1422 624 1477 vohis
653 1422 746 1476 dicam
774 1424 803 1476 in
829 1441 886 1492 qua

132 1503 282 1571 potestate
296 1502 367 1555 haec
382 1500 465 1555 facio.
499 1502 666 1571 Baptismus
681 1503 795 1557 Ioannis
810 1503 885 1557 unde
904 1506 962 1557 2511
973 1526 1019 1567 mr.

133 1582 221 1637 erat?
256 1598 271 1635 e
299 1582 392 1648 caelo,
428 1599 464 1635 an
492 1600 528 1637 ex
555 1583 739 1637 hominihus?
780 1585 819 1637 At
846 1584 885 1637 illi

132 1661 306 1730 cogitabant
329 1662 404 1715 inter
427 1678 471 1729 se,
496 1662 637 1717 dicentes:
667 1663 698 1717 Si
722 1663 885 1730 dixerimus

132 1760 150 1797 e
175 1742 269 1808 caelo,
296 1742 371 1795 dicet
394 1742 491 1796 nobis:
518 1742 613 1811 Quare
633 1761 700 1813 ergo
719 1761 776 1799 non
797 1744 886 1798 credi·

132 1822 222 1875 distis
246 1822 303 1875 illi?
341 1821 372 1875 Si
396 1826 493 1876 autem
517 1823 686 1890 dixerimuS,
711 1841 747 1877 ex
768 1824 886 1878 homini·
905 1829 997 1889 torar.

131 1904 205 1968 bus²
224 1902 359 1955 timemus
378 1903 506 1957 turbam:
527 1920 626 1958 omnes
646 1905 720 1958 enim
739 1904 886 1959 habehant

135 1983 271 2036 Ioannem
300 1982 375 2036 sicut
400 1984 578 2052 prophetam.
616 1985 653 2038 Et
678 1985 886 2053 respondentes
906 1990 939 2039 27

137 2062 217 2129 Iesu,
244 2061 390 2116 dixerunt:
416 2063 575 2117 Nescimus,
613 2065 661 2118 Ait
686 2064 741 2118 illis
761 2065 885 2133 etipse:

133 2143 196 2197 Neo
211 2158 265 2211 ego
280 2142 343 2196 dico
358 2143 439 2198 vobis
455 2144 483 2197 iu
495 2161 552 2211 qua
564 2147 710 2212 potestate
720 2144 792 2197 haec
803 2144 885 2197 facio.

91 2219 231 2301 {ff1Quid
255 2226 350 2276 autem
374 2224 456 2277 vobis
480 2223 613 2278 videtur?
650 2224 741 2278 Homo
770 2223 886 2292 quidam
905 2229 940 2278 28

130 2303 265 2357 habebat
289 2302 360 2357 duos
379 2304 465 2371 filios,
492 2308 521 2358 et
540 2303 680 2357 accedens
700 2304 737 2357 ad
755 2304 886 2373 primum,

131 2384 222 2437 dixit}
242 2382 304 2450 Fili,
324 2383 397 2438 vade
416 2384 508 2451 hodie,
528 2400 647 2453 operare
665 2384 694 2437 in
710 2385 796 2439 vinea
814 2402 885 2439 mea.

133 2464 204 2517 'lile
233 2467 329 2518 autem
358 2465 549 2533 respondem,
579 2464 634 2518 ait:
662 2466 742 2520 Note.
780 2466 887 2519 Postea
905 2470 996 2531 ‘29⁷‚2r

131 2547 252 2610 autem,
279 2544 457 2613 poenitentia
482 2547 592 2612 motus,
620 2545 698 2599 abiit.
740 2544 886 2599 Accedens
905 2550 940 2599 30
1013 2546 1015 2550 '

133 2629 236 2678 autem
256 2625 293 2677 ad
312 2625 441 2691 alterum,
461 2624 533 2679 dixit
552 2624 690 2680 similiter.
723 2626 760 2679 At
779 2626 825 2679 iile
844 2642 886 2679 re·

191 2825 219 2862 24
233 2820 269 2863 cis
284 2824 292 2869 ]
307 2820 357 2863 illis

191 2898 218 2934 25
232 2892 379 2946 baptismum
405 2894 408 2946 Ι
435 2892 468 2939 {OE
484 2899 522 2935 inc.
536 2905 558 2936 v.
571 2900 597 2935 ao
612 2892 636 2936 Si
652 2892 789 2941 dixerimus)

191 2971 219 3006 2⁶
232 2963 325 3007 habent

191 3042 219 3078 27
232 3034 322 3078 faciam

191 3113 219 3149 28
234 3127 258 3137 -
274 3106 371 3159 quidam

508 3186 535 3230 57
