2275 3434
284 159 402 214 ACTVS
426 160 708 215 APOSTOLORVM.
771 158 915 240 tta-44.

110 336 177 373 cum
203 319 257 373 sim
284 319 454 375 defensurus
479 337 524 375 me
549 320 649 388 hodie,
686 320 809 374 maxime
832 324 861 374 te
881 324 897 372 3

111 399 222 454 sciente
251 402 360 467 omnia,
389 405 417 456 et
446 418 520 471 quae
545 400 624 470 apud
647 400 769 455 ludaeos
794 404 862 455 sunt

111 478 351 547 consuetudines,
376 485 405 537 et
424 482 624 551 quaestiones:
650 480 862 551 propterquod

110 560 232 615 obsecro
265 562 408 629 patienter
435 578 481 617 me
510 561 619 617 audias
683 562 720 616 Et
747 560 898 631 quidem4

111 642 202 695 vitam
220 658 314 695 meam
334 659 352 695 a
370 642 531 709 iuventute,
557 658 631 711 quae
650 642 687 697 ab
706 641 788 696 initio
807 641 863 695 fnit

111 721 139 775 in
159 724 246 791 gente
265 738 330 777 mea
349 723 377 777 in
395 722 584 791 lerosolymiS,
603 726 744 777 noverunt
763 738 862 776 omnes

111 801 223 856 Iudaei:
261 803 456 871 praescientes
482 818 527 857 me
553 804 589 857 ab
613 802 694 857 initio
718 802 755 869 (si
774 802 898 857 velint5
925 820 973 860 nn.
987 818 1063 860 mas.

112 882 308 937 testimonimn
341 883 502 952 perhibere)
537 883 673 952 quoniam
705 882 862 939 secuudum

113 962 303 1017 certissimam
337 967 447 1019 sectam
478 968 596 1017 nostrae
628 963 772 1031 religionis
804 963 862 1017 vixi

114 1042 294 1097 Pharisaeus
330 1044 367 1098 Et
385 1061 461 1099 nunc
479 1043 508 1097 in
527 1060 594 1113 spe,
615 1060 688 1113 quae
709 1042 746 1097 ad
764 1047 862 1112 patres
881 1050 898 1097 6
926 1060 985 1100 nco.

113 1127 227 1177 nostros
252 1124 481 1193 repromissionis
507 1124 587 1179 facta
611 1127 657 1179 est
680 1140 698 1177 a
715 1123 790 1191 Deo,
816 1117 862 1178 sto
913 1127 917 1133 ’

113 1202 217 1258 iudicio
243 1204 404 1259 subiectus:
443 1204 472 1259 in
496 1222 583 1274 quam
600 1203 751 1259 duodecim
769 1204 897 1259 tribust
925 1221 983 1261 uns.

112 1288 229 1339 nostrae
257 1288 341 1339 nocte
369 1302 403 1339 ac
431 1285 476 1339 die
504 1284 715 1350 deservientes,
743 1287 862 1353 sperant

112 1363 255 1419 devenire.
286 1364 330 1419 De
349 1382 406 1434 qua
425 1382 476 1435 spe
496 1382 617 1420 accusor
631 1382 649 1418 a
661 1364 783 1431 Iudaeis,
802 1381 860 1419 rex.

111 1444 188 1514 Quid
206 1444 371 1500 incredibile
390 1445 532 1500 indicatur
551 1444 628 1515 apud
646 1462 712 1512 νος,
738 1445 764 1499 si
782 1445 861 1499 Deus
880 1449 897 1498 8
947 1504 961 1537 ⁹
980 1504 1019 1538 ²⁰⁴

111 1528 241 1580 mortuos
267 1526 409 1581 suscitat?
446 1526 483 1581 Et
508 1543 561 1595 ego
581 1525 696 1595 quidem
715 1526 896 1580 existima-9
925 1523 1019 1591 rip-'m‘

111 1622 224 1673 veram,
257 1622 302 1660 me
329 1605 469 1661 adversus
496 1623 601 1661 nomen
628 1606 693 1660 lesu
719 1606 860 1659 Nazareni
924 1596 1084 1681 Jss’i'iss'zpo.

110 1685 216 1740 debere
242 1687 332 1741 multa
357 1687 500 1741 contraria
526 1703 620 1755 agere.
657 1685 734 1755 qnod
757 1689 786 1739 et
805 1685 860 1739 feci
881 1689 915 1740 10

109 1766 308 1835 lerosolymiss
342 1771 373 1820 et
407 1767 511 1821 multos
548 1770 713 1820 sanctorum
745 1781 800 1834 ego
831 1764 860 1818 in

111 1846 274 1901 carceribus
300 1846 415 1913 inclusi,
442 1864 459 1901 a
483 1846 659 1915 principibus
678 1845 860 1899 sacerdotum

111 1928 257 1994 potestate
283 1929 416 1995 accepta:
444 1929 473 1981 et
492 1943 556 1979 eum
575 1925 787 1991 occiderentur,
813 1924 860 1979 de·

115 2007 161 2061 tuli
194 2007 376 2061 sententiam.
422 2006 459 2060 Et
490 2022 541 2074 per
569 2021 668 2059 omnes
695 2021 859 2073 synogogas
880 2010 912 2061 11

116 2085 277 2157 frequenter
292 2086 414 2155 puniens
431 2102 490 2152 eos,
508 2085 713 2154 compellebam
727 2084 860 2153 blasphe-

112 2179 203 2221 mare:
233 2170 262 2221 et
290 2166 412 2236 amplius
440 2166 587 2219 insaniens
614 2165 644 2219 in
671 2180 737 2231 eos,
765 2180 860 2234 perse·

111 2247 219 2317 quebar
244 2262 335 2317 nsque
361 2247 389 2301 in
415 2249 530 2301 exteras
554 2245 695 2300 civitates
749 2244 914 2312 Inoni-12

109 2328 163 2383 bus
198 2327 265 2381 dum
300 2328 370 2382 irem
402 2328 576 2381 Damascum
607 2342 673 2379 cum
704 2328 859 2394 potestate,

110 2412 139 2462 et
162 2408 306 2478 permissu
324 2408 484 2477 principum
502 2406 701 2472 sacerdotum,
717 2407 722 2445 ¹
738 2404 784 2459 die
802 2421 860 2458 me·
881 2409 913 2461 13

110 2488 158 2543 dia
180 2488 210 2541 in
229 2488 292 2555 via,
317 2488 391 2555 vidi,
416 2505 481 2555 rex,
507 2488 543 2541 de
562 2488 749 2555 caelo-supra
766 2485 860 2553 splen-

110 2568 208 2623 dorem
226 2569 295 2624 solis
313 2568 537 2623 circumfulsisse
556 2584 602 2621 me
620 2569 728 2634 lumen,
752 2569 782 2619 et
800 2582 859 2632 eos,
890 2617 893 2623 .

110 2649 158 2717 qui
179 2665 291 2703 mecum
312 2649 395 2703 simul
413 2652 503 2703 erant.
541 2648 705 2717 Omnesque
723 2664 776 2701 nos
795 2663 860 2700 cum
880 2650 914 2702 14

110 2728 315 2786 decidissemus
347 2729 377 2788 in
409 2732 530 2798 terram,
563 2728 659 2785 audivi
692 2742 790 2781 vocem
819 2726 859 2780 lo-

113 2920 324 2928 ..—
