2275 3434
227 150 411 216 ttae-tls.
442 149 641 205 SECVNDVM
662 149 901 205 llA'l'l'HAEl'ltl.

129 330 214 372 unm.
226 313 260 363 39
279 328 333 377 me,
352 329 409 366 non
428 316 473 365 est
491 328 537 366 me
556 310 667 380 diguus.
703 310 758 380 Qui
776 311 885 365 invenit
904 305 1061 384 animam?

130 374 215 416 ΜΨ·
279 408 370 459 suam,
389 390 489 460 perdet
508 391 598 444 illam:
616 395 646 444 et
665 391 714 459 qui
732 390 888 459 perdiderit
905 389 1029 444 animam

75 493 120 532 rsa.
132 491 148 524 n
158 493 215 532 mn.
225 474 261 523 40
279 489 361 526 suam
375 476 493 540 propter
505 488 560 539 me,
577 470 703 525 inveniet
717 487 789 525 eam.
858 470 912 539 Qui
927 470 1029 539 recipit
1042 465 1061 544 ἰ’

56 535 69 566 '¹
82 538 143 577 ''²‘⁴⁴³
157 537 215 576 ¹³¹²⁰'
278 570 345 618 vos,
370 569 415 606 me
440 552 556 620 recipit:
585 556 614 606 et
639 552 689 620 qui
714 567 759 604 me
785 551 901 619 recipit,
927 551 1029 619 recipit

224 634 258 684 41
279 649 352 699 eum,
372 633 420 702 qui
439 649 483 686 me
503 633 588 687 misit.
621 632 676 701 Qui
694 631 795 700 recipit
814 631 984 699 proplietam
1000 625 1061 703 inss’¹

164 709 167 715 ’
279 713 392 767 nomine
416 713 589 782 prophetae,
613 711 774 766 mercedem
798 711 956 779 prophetae
981 727 1028 764 ac·

278 794 378 862 cipiet:
403 798 431 847 et
454 793 502 862 qui
525 793 627 862 recipit
645 793 753 846 iustum
771 793 800 846 in
817 791 932 846 nomine
950 791 1028 857 iusti,

56 893 113 935 mn.
126 893 157 929 ue
167 894 213 933 nn.
224 873 259 924 42
278 871 438 927 mercedem
451 873 519 927 iusti
534 873 663 943 accipiet.
692 871 728 926 ut
742 872 913 941 quicumque
927 874 1028 939 potum
1038 867 1066 944 ’ζ’

279 953 389 1007 dederit
416 954 464 1008 uni
493 971 528 1008 ex
546 953 670 1007 minimis
698 952 762 1006 istis
790 952 907 1006 calicem
935 968 1028 1020 aquae

195 1061 199 1068 ·
279 1033 399 1102 frigidae
427 1037 541 1090 tantum
567 1034 597 1087 in
624 1033 738 1086 nomine
766 1032 912 1101 discipuli:
943 1049 1027 1086 amen

279 1112 341 1167 dico
361 1113 451 1180 vobis,
470 1130 527 1168 non
546 1112 648 1182 perdet
666 1112 826 1166 mercedem
844 1129 935 1168 suam.

83 1183 266 1291 1⁷l‚²1⁸;‘2¹a⁸,l⁶.³⁵ll
350 1193 385 1247 Et
405 1194 513 1248 sactum
532 1197 586 1257 est,
607 1209 672 1246 curn
691 1197 919 1247 consummasset
937 1192 1017 1246 lesus

1038 1188 1062 1213 101

1020 1234 1027 1258 9
1043 1244 1060 1267 ld

278 1274 456 1342 praecipiens
480 1272 631 1327 duodecim
649 1271 795 1340 discipulis
814 1273 888 1337 suist,
913 1272 1028 1326 transiit

279 1353 343 1408 inde
366 1358 399 1408 ut
418 1353 546 1418 doceret,
570 1356 600 1406 et
617 1352 795 1421 praedicaret
814 1353 843 1406 in
862 1352 1026 1406 civitatibus

279 1450 384 1488 eorum.

101 1585 214 1674 nifissffssl,
243 1595 259 1645 2
349 1595 470 1649 loannes
497 1597 593 1648 autem
619 1611 683 1647 curn
708 1593 836 1648 audisset
859 1594 888 1648 in
906 1593 1026 1648 vinculis

1036 1590 1065 1670 s

169 1696 214 1736 nn
279 1692 367 1744 opera
381 1673 495 1740 Christi,
514 1673 632 1728 mittens
652 1673 723 1728 duos
743 1674 777 1729 de
796 1673 943 1742 discipulis
956 1673 1026 1739 suis

140 1775 214 1816 man.
242 1757 259 1805 tl
280 1755 338 1810 lait
362 1755 415 1808 illi:
444 1752 487 1808 Tu
512 1770 552 1820 eS,
579 1754 627 1822 qui
650 1757 787 1809 venturus
811 1771 851 1821 es
878 1756 914 1808 an
940 1754 1026 1807 alium

125 1817 214 1861 ⁰¹¹⁹'²⁰'
243 1835 484 1904 dexpectamus‘?
521 1834 558 1888 Et
583 1833 759 1903 respondens
784 1834 864 1888 Iesus
890 1834 931 1889 ait
955 1833 1025 1887 illis:

278 1915 387 1968 Euntes
415 1913 581 1969 renunciate
606 1914 704 1969 Ioanni
732 1931 805 1984 quae
832 1914 968 1980 audistiS,
996 1917 1026 1968 et

57 2015 214 2056 riemann.
243 1994 399 2048 nvidistis
438 1992 522 2047 Caeci
545 1993 657 2059 vident,
684 1994 778 2049 claudi
801 1995 963 2061 ambulant,
988 1995 1026 2048 le·

90 2061 128 2100 ⁶³¹³
142 2059 156 2092 ¹¹
167 2061 214 2102 ⁴'¹⁸'
278 2075 356 2144 prosi
375 2073 555 2142 mundantur,
575 2075 654 2129 surdi
669 2075 796 2141 audiunt,
816 2075 920 2129 mortni
934 2091 1026 2128 resur-

80 2176 140 2216 nnn
155 2175 214 2217 aar.
243 2161 259 2206 tt
279 2158 358 2223 gunt,
378 2170 518 2223 pauperes
537 2156 782 2225 evangelizantur:
803 2159 832 2210 et
850 2155 953 2208 beatus
973 2158 1026 2219 est,

160 2257 214 2298 nm.
244 2234 327 2304 iqui
352 2251 409 2287 non
436 2234 521 2290 fuerit
546 2236 759 2290 scandalizatus
784 2236 813 2289 in
838 2251 893 2289 me.
970 2234 1026 2288 Illis

280 2317 376 2368 autem
409 2315 596 2383 alreuntibuS,
629 2315 723 2383 coepit
751 2316 831 2369 lesus
864 2314 957 2368 dicere
990 2315 1026 2368 ad

279 2394 378 2447 turbas
405 2394 439 2448 de
459 2395 577 2450 loanne:
605 2395 679 2464 Quid
705 2395 804 2449 existis
829 2396 857 2449 in
882 2394 1027 2448 desertum

243 2473 394 2528 &videret
432 2476 599 2530 arundinem
635 2478 722 2529 vento
759 2476 918 2543 agitatam?
969 2473 1027 2528 Sed

279 2553 346 2622 quid
392 2555 491 2610 existis
538 2555 657 2610 videre?
706 2555 849 2610 hominem
895 2555 1026 2608 mollibus

280 2635 436 2689 vestitum?
491 2636 564 2689 Ecce
603 2635 651 2704 qui
687 2635 819 2690 mollibus
856 2635 1026 2700 vestiuntur,

141 2734 214 2776 nnn.
244 2715 259 2764 tt
279 2713 306 2767 in
339 2713 468 2770 domibus
497 2731 596 2784 regum
625 2719 699 2769 sunt.
744 2715 802 2768 Sed
830 2715 898 2783 quid
926 2714 1026 2768 existis

279 2794 396 2849 videre?
442 2796 635 2864 proplietam?
690 2795 782 2848 liliam
829 2795 891 2848 dico
936 2794 1025 2861 vobis,

332 2992 374 3046 nr
387 2989 526 3034 renuntiate

332 3069 344 3104 7
359 3060 464 3105 limund·
479 3069 509 3103 etc
