2275 3434
356 200 406 255 au
432 199 618 256 somnos.
762 201 903 270 15,r-15.

95 377 156 415 uno
172 377 221 414 ore
236 359 428 416 honorificetis
443 361 545 429 Deum,
563 364 594 416 et
609 366 719 431 patrem
735 361 849 417 Domini

95 441 192 496 nostri
211 440 276 494 Iesu
295 440 410 496 Christi.
950 487 952 492 .

171 522 293 591 Propter
311 521 389 591 quod
407 523 546 593 suscipite
565 523 702 591 invicem,
726 523 802 578 sicut
819 526 850 578 et
868 528 885 576 7
966 541 968 545 ’

96 602 233 662 Christus
253 603 381 671 suscepit
399 620 451 658 vos
475 603 504 657 in
523 603 660 659 honorem
678 604 740 658 Dei.
777 603 885 658 DicoS
913 625 1010 664 anan.

96 683 175 738 enim
201 682 347 737 Christum
373 683 467 738 Iesum
492 684 655 739 ministrum
681 684 772 738 tuisse
797 683 849 738 cir·
912 666 1008 712 *Μ’

97 763 282 819 cumcisionis
301 767 419 833 propter
437 765 589 819 veritatem
607 765 674 832 Dei,
694 764 731 819 ad
749 764 849 820 confir·

95 843 221 899 mandas
240 843 444 913 promissiones
463 849 595 915 patrum:
625 846 733 901 Gentes
752 847 885 900 autemti
913 867 971 907 ma.

96 941 186 994 super
223 923 418 980 misericordia
457 925 597 981 honorare
629 926 737 994 Deum,
773 926 849 980 sicut
911 911 1036 997 {fflsslw'

97 1005 239 1074 scriptum
267 1009 325 1060 est:
359 1005 517 1075 Propterea
549 1006 707 1061 confitebor
737 1006 792 1061 tibi
819 1007 848 1060 iu

99 1085 242 1140 Gentibus
257 1085 386 1153 Domine,
407 1089 436 1141 et
455 1087 561 1142 nomini
581 1091 631 1142 tuo
651 1087 784 1142 cantabo.
812 1087 849 1142 Et
868 1088 1007 1149 Ionam

96 1165 203 1220 iterum
214 1164 297 1220 dicit:
310 1165 470 1222 Laetamini
481 1167 591 1223 Gentes
605 1184 670 1222 cnm
684 1167 767 1237 plebe
777 1167 847 1222 eius.

96 1246 133 1301 Et
152 1247 273 1306 iterum:
292 1309 294 1318 Ι
869 1250 900 1301 ll
912 1269 936 1302 n
948 1270 1006 1309 nm.

131 1343 265 1400 Laudato
284 1361 383 1400 omnes
403 1346 511 1401 Gentes
530 1347 698 1401 Dominum:

132 1429 163 1481 et
181 1426 365 1496 magnificate
385 1443 449 1480 eum
469 1445 567 1484 omnes
587 1428 697 1498 populi:

95 1523 132 1579 Et
151 1539 253 1578 narsus
272 1523 362 1578 isaias
381 1525 435 1579 ait:
868 1528 930 1579 121.
942 1548 999 1587 mn.

130 1622 196 1678 Erit
214 1621 296 1676 radix
315 1623 401 1692 Iesse,
910 1588 941 1634 a„
953 1593 989 1632 ⁵’⁵‘

131 1701 231 1772 etqui
251 1706 371 1773 exurget
389 1720 488 1774 regere
508 1704 626 1772 Gentes,

167 1783 198 1838 in
219 1799 284 1837 eum
304 1783 411 1840 Gentes
432 1781 598 1854 sperabunt.

96 1891 174 1946 Deus
195 1893 294 1945 autem
312 1891 375 1962 spei
394 1892 504 1962 repleat
518 1909 571 1946 vos
590 1893 666 1946 omni
684 1892 799 1962 gaudio,
818 1897 847 1947 et
868 1898 901 1949 13

100 1989 166 2039 pace
193 1971 223 2025 in
250 1971 406 2027 credendo:
433 1975 465 2026 ut
490 1972 644 2027 abundetis
669 1972 699 2027 in
724 1990 791 2042 spe,
818 1977 848 2028 et

102 2051 202 2107 virtute
223 2051 348 2121 Spiritus
368 2053 470 2107 sancti.
643 2105 647 2111 .

167 2133 273 2187 Certus
292 2149 355 2186 sum
371 2137 467 2188 autem
482 2133 587 2187 fratres
602 2133 657 2186 mei
672 2137 702 2187 et
716 2150 769 2204 ego
784 2133 847 2205 ipse
867 2141 901 2192 14

97 2211 131 2266 de
140 2213 234 2280 vobis
246 2213 380 2282 quoniam
395 2218 425 2268 et
439 2214 495 2284 ipsi
508 2213 585 2282 pleni
600 2213 671 2268 estis
686 2213 846 2282 dilectione,

95 2294 198 2364 repleti
209 2293 427 2360 omniscientis,
441 2294 483 2349 ita
497 2298 530 2349 ut
543 2294 662 2365 possitis
678 2295 845 2350 alterutrum

94 2391 220 2429 monere.
249 2373 394 2429 Audacius
410 2379 506 2430 autem
525 2375 628 2444 scripsi
643 2375 725 2430 vobis
741 2374 846 2430 fratres
866 2382 950 2444 151,r;
964 2404 1010 2444 aa.

95 2470 129 2508 ex
154 2459 256 2524 parte,
282 2459 430 2526 tamquam
455 2455 484 2510 in
507 2456 675 2510 memoriam
693 2473 745 2511 vos
764 2455 846 2510 redu·

94 2551 175 2590 cens:
196 2539 316 2606 propter
333 2536 471 2610 gratiam,
495 2552 569 2606 quae
590 2536 659 2592 data
678 2542 724 2591 est
741 2535 810 2592 mihi
829 2554 846 2592 a
899 2533 901 2539 ’

95 2709 309 2718 ...ψ-..-4.

147 2819 372 2865 amisericordtam
410 2822 414 2874 Ι
452 2821 554 2878 Propter
574 2823 621 2867 hoc
659 2824 662 2876 Ι
702 2845 726 2856 -
745 2822 846 2867 Domine

97 2891 209 2945 [sinan

148 2971 174 3007 10
187 2965 277 3019 populo
291 2967 317 3005 F

149 3043 173 3079 11
189 3040 212 3087 >
229 3035 318 3080 domin.
334 3047 397 3080 omn.
413 3038 478 3089 gent.
495 3039 519 3077 F

149 3113 175 3150 12
188 3117 284 3151 rursum
299 3105 346 3152 &A
371 3109 375 3160 Ι
400 3107 425 3150 in
440 3119 469 3150 eo

150 3185 176 3222 13
189 3177 282 3234 inpleat
295 3177 340 3232 μ’
362 3178 366 3232 Ι
391 3177 478 3229 et2⁰l
495 3179 520 3222 in
535 3178 580 3233 ss*

457 3257 498 3301 421
