2275 3434
272 134 392 192 acnvs
413 135 696 193 Arosroaoavu.
752 135 904 206 aie-rr.

104 296 205 364 niores,
225 300 255 351 et
273 295 404 351 Scribas:
425 300 454 351 et
472 300 675 352 concurrentes
694 300 851 366 rapuerunt

104 394 181 443 eum,
210 379 240 431 et
268 376 449 431 adduxerunt
476 377 505 431 in
531 377 697 444 concilium,
713 378 719 417 ¹
734 380 764 432 et
791 379 850 431 sta·
871 381 904 431 13
913 395 938 430 n
949 399 1009 440 aa.

103 460 219 512 tuerunt
237 457 327 512 falsos
343 459 443 525 testes,
462 457 511 527 qui
526 457 668 512 dicerent:
688 457 780 512 Homo
794 457 850 511 iste
913 443 972 484 '¹³⁸'

102 554 156 594 non
167 540 264 592 cessat
273 537 350 607 loqui
357 536 446 592 verba
456 536 596 591 adversus
605 538 699 592 locum
708 540 850 603 sanetum,

102 622 131 673 et
143 618 244 688 legem.
266 615 427 672 audivimus
442 616 516 671 enim
531 633 597 672 eum
611 616 766 672 dicentem:
781 633 850 687 quo·
870 622 905 675 14

101 698 176 753 niam
205 698 286 752 Iesus
313 696 480 752 Nazarenus
507 697 568 765 hic,
601 697 731 753 destruet
757 698 850 753 locum

101 780 201 845 istum,
228 781 256 832 et
282 776 405 833 mutabit
428 776 614 845 traditioneS,
640 794 714 847 quas
732 777 851 833 tradidit

101 859 181 915 nobis
201 858 323 927 Moyses.
360 858 397 912 Et
415 858 560 913 intuentes
580 874 644 913 eum
663 874 776 926 omnes,
801 859 853 927 qui·
870 860 988 922 lbera.

101 938 241 995 sedebant
272 937 301 991 in
330 938 464 1005 concilio,
496 937 629 993 viderunt
657 938 761 994 faciem
788 940 850 994 eius

101 1024 248 1089 tamquam
273 1017 377 1073 faciem
400 1018 509 1088 Angeli.
547 1018 627 1073 Dixit
653 1023 750 1074 autem
774 1020 849 1089 prin·
870 1012 888 1084 7
914 1039 972 1081 ma.

101 1116 166 1170 ceps
199 1098 400 1154 sacerdotum:
434 1098 465 1153 Si
493 1100 565 1155 haec
592 1100 634 1154 ita
661 1116 694 1154 se
721 1101 849 1155 habent?

101 1180 153 1249 Qui
173 1180 231 1234 ait:
868 1183 884 1235 2
912 1200 995 1241 rusca.

64 1267 94 1313 19
170 1260 231 1315 Viri
250 1260 371 1327 fratrea,
390 1264 420 1315 et
438 1264 535 1329 patres
555 1260 666 1315 audite:
693 1261 772 1315 Deus
790 1263 849 1331 glo·
912 1242 1014 1287 ⁰²¹¹&
1025 1245 1071 1286 ¹⁶’⁷'

100 1342 157 1396 riae
177 1340 313 1409 apparuit
330 1340 407 1410 patri
425 1344 525 1395 nostro
539 1340 672 1395 Abrahae
690 1358 755 1396 cum
770 1345 850 1396 esset

99 1422 127 1475 in
153 1420 380 1491 Mesopotamia,
412 1421 491 1490 prius
519 1423 607 1492 quam
633 1425 793 1477 moraretur
819 1422 848 1476 in

100 1500 226 1567 charan,
244 1501 290 1555 'et
309 1498 382 1555 dixit
400 1500 437 1556 ad
455 1500 548 1555 illum:
568 1501 621 1555 Exi
640 1500 675 1555 de
693 1504 771 1556 terra
788 1506 848 1569 tua,
867 1506 885 1556 3
913 1520 945 1555 a.
957 1523 1007 1564 aa,
1023 1523 1071 1564 aa.

99 1586 127 1636 et
143 1581 178 1636 de
196 1582 368 1650 cognatione
384 1584 442 1647 tua,
462 1585 492 1636 et
505 1582 571 1636 veni
585 1581 614 1636 in
628 1585 743 1649 terreum
761 1599 849 1651 quam

98 1664 296 1717 monstravero
322 1661 384 1716 tibi.
421 1661 501 1716 Tunc
526 1662 596 1717 exiit
615 1662 650 1717 de
669 1666 747 1718 terra
766 1661 848 1717 Chal·
866 1666 885 1716 4
912 1680 944 1715 aa
957 1683 1044 1723 aare,

98 1742 251 1809 daeorum,
278 1746 307 1797 et
332 1741 476 1797 habitavit
500 1743 529 1797 in
553 1740 675 1797 Charan.
712 1742 749 1798 Et
773 1742 848 1809 inde,
885 1765 893 1782 ·
935 1728 982 1768 ¹²⁸⁵·

98 1824 254 1893 postquam
280 1826 410 1877 mortuiis
433 1826 478 1877 est
496 1826 580 1892 pater
598 1824 675 1891 eius,
700 1824 849 1879 transtulit

97 1903 175 1959 illum
194 1903 225 1957 in
244 1906 351 1958 terram
369 1903 464 1969 istam,
483 1903 513 1956 in
532 1919 590 1971 qua
608 1920 684 1957 nunc
699 1920 752 1957 vos
769 1903 848 1958 habi·

97 1984 176 2039 tatis.
209 1982 248 2038 Et
266 1999 322 2037 non
342 1982 421 2037 dedit
439 1982 478 2036 illi
497 1981 686 2037 hereditatem
702 1983 732 2037 in
746 1999 781 2037 ea
795 2000 848 2038 nec
868 1987 885 2039 5
912 2001 1071 2045 amanam,

97 2080 217 2133 passum
236 2062 334 2133 pedis:
354 2063 405 2118 sed
424 2061 587 2132 repromisit
606 2061 673 2117 dare
688 2062 727 2117 illi
741 2078 804 2117 eam
819 2064 848 2117 in
911 2050 986 2135 »ἓξὲξ
998 2049 1047 2092 ⁴⁸¹⁴·

97 2144 322 2213 possessionem,
341 2147 370 2198 et
387 2142 489 2198 semini
504 2141 565 2197 eius
580 2145 648 2211 post
661 2142 764 2211 ipsum,
783 2159 848 2197 cum

97 2242 155 2280 non
169 2224 291 2279 haberet
304 2224 401 2278 filium.
420 2224 547 2278 Locutus
557 2226 603 2277 est
613 2226 710 2277 autem
720 2222 745 2277 ei
756 2223 846 2278 Deus:
867 2232 883 2280 6
911 2243 1063 2332 &flaganiam

994 2314 999 2332 ‚
1023 2310 1040 2333 .,
1065 2312 1070 2322 .

98 2305 173 2375 Quia
190 2304 246 2359 erit
261 2319 358 2359 semen
374 2304 436 2358 eius
451 2304 550 2358 accola
563 2302 594 2357 in
607 2306 685 2358 terra
698 2303 799 2370 aliena,
819 2308 849 2359 et

98 2385 231 2440 servituti
246 2401 296 2440 eos
311 2383 471 2451 subiicient,
487 2388 516 2439 et
530 2384 604 2438 male
618 2384 786 2439 tractabunt
798 2400 848 2439 eos

99 2466 183 2519 annis
197 2464 428 2535 quadringentis:
447 2469 476 2519 et
490 2468 615 2533 gentem,
629 2463 675 2518 cui
689 2463 848 2530 servierint,
867 2471 883 2520 7
911 2486 941 2519 ιι
951 2488 999 2529 aa.

99 2543 233 2600 iudicabo
259 2560 326 2615 ego,
352 2544 424 2599 dixit
445 2544 595 2599 Dominus.
632 2548 661 2600 et
687 2548 753 2628 post
776 2542 848 2599 haec

154 2738 180 2775 ra
193 2733 271 2777 testes
285 2730 363 2775 falsos
378 2731 487 2777 dicentes

154 2800 180 2838 1⁵
194 2794 215 2850 9
229 2797 347 2847 tanquam

156 2857 192 2911 7,1
207 2856 228 2912 9
242 2856 364 2901 haberent

156 2918 300 2963 aabrahanr
325 2920 328 2973 Ι
354 2919 466 2964 chonam

156 2987 169 3023 a
183 2984 205 3032 >
221 2980 267 3026 tibi
280 2984 381 3027 moustr.

157 3044 292 3089 subortam
360 3046 430 3089 osed
444 3049 453 3096 ]
469 3046 494 3090 et

158 3114 207 3148 e·
223 3106 245 3151 ei
270 3107 274 3161 Ι
299 3107 494 3162 οἱιιεηιιιιιω
556 3108 651 3151 rbem.
666 3111 675 3157 l
690 3107 750 3151 deus

464 3186 505 3231 315
