2275 3434
116 166 120 175 '
229 159 390 228 tals-23.
437 161 558 217 ACTVS
581 159 863 217 APOSTOLORVM.

286 322 354 376 nihil
381 325 565 391 gustaturos,
595 322 685 377 donec
713 322 877 377 occidamus
905 322 1031 378 Paulum.

234 405 266 455 15
285 402 368 456 Nunc
399 418 467 470 ergo
498 419 550 457 vos
582 408 682 458 notum
711 403 798 458 tacite
826 402 943 459 tribuno
971 421 1033 458 cum

285 482 417 549 concilio,
436 486 469 537 ut
488 482 629 551 producat
648 484 726 539 illum
745 484 782 538 ad
801 501 867 551 voa,
886 488 1034 554 tamquam

286 562 393 632 aliquid
425 562 530 618 certius
560 564 703 633 cognituri
730 564 766 619 de
793 581 835 619 eo.
880 565 940 619 Nos
968 582 1035 619 vero

285 644 364 711 prius
392 644 478 711 quam
507 644 673 713 appropiet,
700 645 795 713 parati
822 661 924 699 sumus
949 645 1036 701 inter-

233 726 266 776 lo
285 724 368 777 licere
387 724 474 779 illum.
530 723 613 793 Quod
631 741 696 779 cum
716 724 845 779 audisset
863 724 940 779 filius
958 743 1035 781 soro·

285 804 324 857 ris
342 804 423 858 Pauli
441 803 571 870 insidias,
589 804 677 871 venit,
696 809 725 859 et
743 805 862 859 intravit
880 805 909 859 in
929 810 1036 871 castra,

232 886 264 936 17
285 884 487 954 nunciavitque
502 884 600 939 Paulo.
629 884 741 940 Vocans
761 888 857 939 autem
870 885 982 940 Paulus
1001 886 1036 940 ad

285 978 316 1017 se
335 981 423 1019 unum
439 981 474 1019 ex
489 964 721 1032 Centurionibus,
739 965 795 1019 ait:
814 964 1036 1019 Adolescentem

285 1043 360 1098 hunc
378 1044 485 1113 perduc
504 1044 541 1099 ad
559 1045 714 1112 tribunum,
734 1045 822 1100 habet
836 1045 912 1101 enirn
927 1046 1037 1115 aliquid

232 1128 265 1178 18
284 1123 410 1179 indicare
436 1124 483 1179 illi.
520 1124 557 1180 Et
581 1126 628 1179 ille
654 1125 768 1194 quidem
794 1142 947 1180 assumens
970 1142 1036 1180 eum

285 1203 366 1259 duxit
395 1204 430 1259 ad
456 1205 616 1272 tribunum,
645 1210 675 1260 et
699 1205 754 1260 ait:
783 1206 902 1259 Vinctus
927 1206 1036 1260 Paulus

285 1284 397 1352 rogavit
422 1300 467 1339 me
493 1285 567 1339 hunc
591 1285 802 1339 adolescentem
822 1285 980 1354 perducere
1000 1286 1035 1339 ad

232 1368 264 1418 19
284 1368 321 1428 te,
341 1364 494 1419 habentem
508 1364 616 1433 aliquid
629 1366 707 1433 loqui
721 1366 782 1419 tibi.
807 1365 1034 1434 Apprehendens

285 1447 380 1498 autem
406 1445 537 1499 tribunus
563 1462 680 1499 manum
704 1445 795 1512 illius,
820 1446 944 1501 secessit
970 1464 1034 1501 cum

284 1541 317 1577 eo
342 1541 486 1590 seorsum,
513 1529 542 1580 et
561 1525 748 1593 interrogavit
767 1526 859 1579 illum:
885 1525 962 1595 Quid
980 1530 1035 1592 est,

229 1609 265 1659 20
284 1604 359 1673 quod
381 1604 470 1659 babes
491 1605 617 1660 indicare
636 1606 725 1659 mibi?
762 1606 810 1660 ille
829 1609 927 1661 autem
947 1606 1033 1661 dixit:
1130 1615 1132 1654 i

284 1684 395 1738 ludaeis
422 1685 555 1740 convenit
581 1703 682 1755 rogare
709 1690 752 1753 te,
779 1691 812 1741 ut
836 1687 964 1741 crastina
989 1687 1034 1741 die

283 1764 425 1832 producas
443 1764 566 1820 Paulum'
582 1766 612 1819 in
631 1766 796 1833 concilium,
822 1766 906 1835 quasi
925 1767 1032 1836 aliquid

229 1850 262 1900 21
283 1845 389 1898 certius
406 1846 568 1914 inquisituri
583 1846 643 1901 sint
657 1846 691 1901 de
706 1847 768 1901 illo:
794 1851 827 1901 tu
841 1843 908 1901 vero
922 1864 961 1901 ne
975 1862 1029 1901 cre

283 1924 388 1979 ‹lideris
414 1926 485 1993 illis,
511 1926 684 1981 insidiantur
708 1927 783 1982 enim
809 1927 835 1979 ei
859 1942 894 1981 ex
919 1928 962 1981 eis
980 1926 1029 1981 viri

283 2005 403 2073 amplius
424 2007 509 2075 quam
527 2006 726 2075 quadraginta,
746 2008 794 2077 qui
808 2023 840 2061 se
854 2006 1032 2061 devoverunt

282 2102 338 2139 non
351 2085 533 2154 manducare,
549 2103 641 2155 neque
650 2087 749 2143 bibere
759 2087 850 2142 donec
858 2087 1033 2142 interficiant

282 2181 354 2219 eum:
373 2169 402 2220 et
416 2182 492 2220 nunc
505 2167 601 2236 parati
615 2171 691 2233 sunt,
711 2170 897 2236 expectantes
911 2168 1034 2235 promis·

228 2252 262 2302 22
282 2262 345 2299 suni
364 2250 453 2300 tuum.
482 2246 625 2301 Tribunus
643 2247 731 2316 igitur
745 2247 853 2302 dimisit
867 2246 1068 2302 adolescenti'e

282 2329 355 2392 tem,
381 2326 561 2396 praecipiens
586 2343 622 2381 ne
645 2328 690 2381 cui
713 2328 877 2396 loqueretur
895 2302 1068 2396 quoniamffl'

228 2412 263 2462 23
282 2406 353 2459 baec
379 2409 448 2460 nota
473 2407 528 2461 sibi
553 2408 678 2462 fecisset.
733 2408 770 2462 Et
788 2407 899 2463 vocatis
919 2407 1033 2463 duobus

283 2485 519 2553 CenturionibuS,
543 2487 615 2541 dixit
637 2488 707 2541 illis:
733 2488 838 2542 Parate
856 2488 963 2543 milites
982 2488 1033 2543 du·
1128 2541 1130 2566 ι

282 2570 381 2620 centos
407 2571 438 2621 ut
462 2570 529 2621 eant
548 2584 639 2636 usque
659 2568 844 2635 Caesaream,
870 2573 900 2622 et
919 2569 1032 2638 equites
1128 2577 1130 2604 ¹

282 2646 483 2715 septuaginta,
509 2650 538 2701 et
562 2648 721 2702 lancearios
745 2648 884 2703 ducentos
909 2650 1033 2703 aterlia

336 2922 360 2957 18
373 2915 438 2969 paul.
453 2926 546 2960 vocans
560 2928 614 2970 rog.

335 2994 361 3029 ao
378 2991 400 3037 >
416 2987 481 3040 paul.
496 2987 615 3041 producas

335 3065 359 3099 21
376 3080 398 3090 -
415 3068 486 3111 quam

334 3135 360 3170 22
376 3129 396 3182 ᾖ
410 3129 521 3191 priuacip.⁴
532 3130 554 3172 ei

625 3208 667 3253 374
