<?xml version="1.0" encoding="UTF-8"?>
<!DOCTYPE html PUBLIC "-//W3C//DTD XHTML 1.0 Transitional//EN"
    "http://www.w3.org/TR/xhtml1/DTD/xhtml1-transitional.dtd">
<html xmlns="http://www.w3.org/1999/xhtml" xml:lang="en" lang="en">
 <head>
  <title>
</title>
<meta http-equiv="Content-Type" content="text/html;charset=utf-8" />
  <meta name='ocr-system' content='tesseract 3.04.00' />
  <meta name='ocr-capabilities' content='ocr_page ocr_carea ocr_par ocr_line ocrx_word'/>
</head>
<body>
  <div class='ocr_page' id='page_1' title='image "./novumtestamentu01nestgoog_0398.png"; bbox 0 0 2275 3434; ppageno 0'>
   <div class='ocr_carea' id='block_1_1' title="bbox 219 163 850 230">
    <p class='ocr_par' dir='ltr' id='par_1_1' title="bbox 219 163 850 230">
     <span class='ocr_line' id='line_1_1' title="bbox 219 163 850 230; baseline -0.006 -9"><span class='ocrx_word' id='word_1_1' title='bbox 219 163 545 230; x_wconf 76' lang='lat' dir='ltr'><strong>⁶24,1-13.AcTVS</strong></span> <span class='ocrx_word' id='word_1_2' title='bbox 568 163 850 219; x_wconf 78' lang='lat' dir='ltr'><strong>APOSTOLORVM.</strong></span> 
     </span>
    </p>
   </div>
   <div class='ocr_carea' id='block_1_2' title="bbox 71 321 1134 2639">
    <p class='ocr_par' dir='ltr' id='par_1_2' title="bbox 220 321 1059 555">
     <span class='ocr_line' id='line_1_2' title="bbox 220 321 1059 422; baseline -0.002 -43"><span class='ocrx_word' id='word_1_3' title='bbox 220 321 265 395; x_wconf 81' lang='grc'><strong>24</strong></span> <span class='ocrx_word' id='word_1_4' title='bbox 345 324 414 379; x_wconf 86' lang='lat' dir='ltr'><strong>Post</strong></span> <span class='ocrx_word' id='word_1_5' title='bbox 437 326 562 394; x_wconf 88' lang='lat' dir='ltr'><strong>quinque</strong></span> <span class='ocrx_word' id='word_1_6' title='bbox 584 329 680 380; x_wconf 88' lang='lat' dir='ltr'><strong>autem</strong></span> <span class='ocrx_word' id='word_1_7' title='bbox 698 324 760 379; x_wconf 90' lang='lat' dir='ltr'><strong>dies</strong></span> <span class='ocrx_word' id='word_1_8' title='bbox 779 324 930 379; x_wconf 83' lang='lat' dir='ltr'><strong>descendit</strong></span> <span class='ocrx_word' id='word_1_9' title='bbox 947 325 1049 422; x_wconf 51' lang='grc' dir='ltr'><strong>[πίῃ-(2</strong></span> <span class='ocrx_word' id='word_1_10' title='bbox 1011 322 1059 365; x_wconf 73' lang='grc'><strong>-66</strong></span> 
     </span>
     <span class='ocr_line' id='line_1_3' title="bbox 274 378 1058 472; baseline 0.001 -15"><span class='ocrx_word' id='word_1_11' title='bbox 274 420 342 472; x_wconf 89' lang='lat' dir='ltr'><strong>ceps</strong></span> <span class='ocrx_word' id='word_1_12' title='bbox 370 404 503 460; x_wconf 80' lang='lat' dir='ltr'>sacerdo</span> <span class='ocrx_word' id='word_1_13' title='bbox 491 409 567 471; x_wconf 88' lang='lat' dir='ltr'><strong>t‚um</strong></span> <span class='ocrx_word' id='word_1_14' title='bbox 593 406 735 471; x_wconf 81' lang='lat' dir='ltr'>Ananias,</span> <span class='ocrx_word' id='word_1_15' title='bbox 767 422 832 459; x_wconf 87' lang='lat' dir='ltr'><strong>cnm</strong></span> <span class='ocrx_word' id='word_1_16' title='bbox 860 378 1058 459; x_wconf 56' lang='lat' dir='ltr'><strong>senioribuSZ&#39;</strong></span> 
     </span>
     <span class='ocr_line' id='line_1_4' title="bbox 274 484 1024 575; baseline 0.001 -38"><span class='ocrx_word' id='word_1_17' title='bbox 274 484 460 553; x_wconf 85' lang='lat' dir='ltr'><strong>quibusdam,</strong></span> <span class='ocrx_word' id='word_1_18' title='bbox 486 490 515 540; x_wconf 90' lang='lat' dir='ltr'><strong>et</strong></span> <span class='ocrx_word' id='word_1_19' title='bbox 533 485 660 540; x_wconf 86' lang='lat' dir='ltr'><strong>Tertullo</strong></span> <span class='ocrx_word' id='word_1_20' title='bbox 678 485 803 555; x_wconf 89' lang='lat' dir='ltr'><strong>quodam</strong></span> <span class='ocrx_word' id='word_1_21' title='bbox 821 489 949 550; x_wconf 88' lang='lat' dir='ltr'><strong>oratore,</strong></span> <span class='ocrx_word' id='word_1_22' title='bbox 974 485 1024 575; x_wconf 84' lang='lat' dir='ltr'><strong>qui</strong></span> 
     </span>
    </p>

    <p class='ocr_par' dir='ltr' id='par_1_3' title="bbox 237 564 1132 715">
     <span class='ocr_line' id='line_1_5' title="bbox 237 564 1132 634; baseline 0.001 -17"><span class='ocrx_word' id='word_1_23' title='bbox 237 569 253 617; x_wconf 71' lang='lat'>2</span> <span class='ocrx_word' id='word_1_24' title='bbox 243 564 405 619; x_wconf 88' lang='lat' dir='ltr'><strong>adierunt</strong></span> <span class='ocrx_word' id='word_1_25' title='bbox 393 566 586 634; x_wconf 88' lang='lat' dir='ltr'><strong>tpraesidem</strong></span> <span class='ocrx_word' id='word_1_26' title='bbox 606 565 744 620; x_wconf 89' lang='lat' dir='ltr'><strong>adversus</strong></span> <span class='ocrx_word' id='word_1_27' title='bbox 762 565 890 620; x_wconf 87' lang='lat' dir='ltr'><strong>Paulum.</strong></span> <span class='ocrx_word' id='word_1_28' title='bbox 929 565 968 619; x_wconf 85' lang='lat' dir='ltr'><strong>Et</strong></span> <span class='ocrx_word' id='word_1_29' title='bbox 985 564 1024 618; x_wconf 92' lang='lat' dir='ltr'><strong>ci·</strong></span> <span class='ocrx_word' id='word_1_30' title='bbox 1131 569 1132 574; x_wconf 78' lang='grc'>’</span> 
     </span>
     <span class='ocr_line' id='line_1_6' title="bbox 273 644 1023 715; baseline 0.001 -17"><span class='ocrx_word' id='word_1_31' title='bbox 273 648 335 699; x_wconf 85' lang='lat' dir='ltr'><strong>tato</strong></span> <span class='ocrx_word' id='word_1_32' title='bbox 354 644 443 700; x_wconf 89' lang='lat' dir='ltr'><strong>Paulo</strong></span> <span class='ocrx_word' id='word_1_33' title='bbox 462 647 557 715; x_wconf 86' lang='lat' dir='ltr'><strong>coepit</strong></span> <span class='ocrx_word' id='word_1_34' title='bbox 576 662 712 701; x_wconf 75' lang='lat' dir='ltr'><strong>accusem</strong></span> <span class='ocrx_word' id='word_1_35' title='bbox 730 645 887 711; x_wconf 87' lang='lat' dir='ltr'><strong>Tertullus,</strong></span> <span class='ocrx_word' id='word_1_36' title='bbox 907 644 1023 699; x_wconf 88' lang='lat' dir='ltr'><strong>dicens:</strong></span> 
     </span>
    </p>

    <p class='ocr_par' dir='ltr' id='par_1_4' title="bbox 71 723 1134 956">
     <span class='ocr_line' id='line_1_7' title="bbox 274 723 1024 795; baseline 0.001 -17"><span class='ocrx_word' id='word_1_37' title='bbox 274 723 345 778; x_wconf 88' lang='lat' dir='ltr'><strong>Cum</strong></span> <span class='ocrx_word' id='word_1_38' title='bbox 364 725 392 779; x_wconf 91' lang='lat' dir='ltr'><strong>in</strong></span> <span class='ocrx_word' id='word_1_39' title='bbox 411 726 502 781; x_wconf 88' lang='lat' dir='ltr'><strong>multa</strong></span> <span class='ocrx_word' id='word_1_40' title='bbox 520 742 592 795; x_wconf 89' lang='lat' dir='ltr'><strong>pace</strong></span> <span class='ocrx_word' id='word_1_41' title='bbox 611 742 731 795; x_wconf 81' lang='lat' dir='ltr'><strong>agamus</strong></span> <span class='ocrx_word' id='word_1_42' title='bbox 750 743 802 794; x_wconf 90' lang='lat' dir='ltr'><strong>per</strong></span> <span class='ocrx_word' id='word_1_43' title='bbox 819 729 862 791; x_wconf 85' lang='lat' dir='ltr'><strong>te,</strong></span> <span class='ocrx_word' id='word_1_44' title='bbox 881 729 913 780; x_wconf 86' lang='lat' dir='ltr'><strong>et</strong></span> <span class='ocrx_word' id='word_1_45' title='bbox 931 726 1024 779; x_wconf 85' lang='lat' dir='ltr'><strong>multa</strong></span> 
     </span>
     <span class='ocr_line' id='line_1_8' title="bbox 71 805 1024 875; baseline 0.002 -18"><span class='ocrx_word' id='word_1_46' title='bbox 71 826 134 867; x_wconf 62' lang='lat' dir='ltr'><strong>eaeo,</strong></span> <span class='ocrx_word' id='word_1_47' title='bbox 149 826 207 866; x_wconf 65' lang='lat' dir='ltr'><strong>aaa.</strong></span> <span class='ocrx_word' id='word_1_48' title='bbox 237 809 253 859; x_wconf 88' lang='grc'><strong>3</strong></span> <span class='ocrx_word' id='word_1_49' title='bbox 272 805 451 873; x_wconf 80' lang='lat' dir='ltr'><strong>corrigantur</strong></span> <span class='ocrx_word' id='word_1_50' title='bbox 476 823 527 875; x_wconf 86' lang='lat' dir='ltr'><strong>per</strong></span> <span class='ocrx_word' id='word_1_51' title='bbox 546 810 627 861; x_wconf 88' lang='lat' dir='ltr'><strong>tuam</strong></span> <span class='ocrx_word' id='word_1_52' title='bbox 645 805 869 875; x_wconf 79' lang='lat' dir='ltr'><strong>providentiam3</strong></span> <span class='ocrx_word' id='word_1_53' title='bbox 907 822 1024 875; x_wconf 83' lang='lat' dir='ltr'><strong>semper</strong></span> 
     </span>
     <span class='ocr_line' id='line_1_9' title="bbox 272 885 1134 956; baseline 0.006 -17"><span class='ocrx_word' id='word_1_54' title='bbox 272 888 301 939; x_wconf 91' lang='lat' dir='ltr'><strong>et</strong></span> <span class='ocrx_word' id='word_1_55' title='bbox 315 885 421 954; x_wconf 90' lang='lat' dir='ltr'><strong>ubique</strong></span> <span class='ocrx_word' id='word_1_56' title='bbox 435 886 617 956; x_wconf 72' lang='lat' dir='ltr'><strong>suscipimus</strong></span> <span class='ocrx_word' id='word_1_57' title='bbox 636 887 742 955; x_wconf 89' lang='lat' dir='ltr'><strong>optime</strong></span> <span class='ocrx_word' id='word_1_58' title='bbox 757 886 844 953; x_wconf 80' lang='lat' dir='ltr'>Felix,</span> <span class='ocrx_word' id='word_1_59' title='bbox 863 902 930 940; x_wconf 90' lang='lat' dir='ltr'><strong>curn</strong></span> <span class='ocrx_word' id='word_1_60' title='bbox 945 886 1024 941; x_wconf 90' lang='lat' dir='ltr'><strong>omni</strong></span> <span class='ocrx_word' id='word_1_61' title='bbox 1132 895 1134 944; x_wconf 94' lang='grc' dir='ltr'>Ι</span> 
     </span>
    </p>

    <p class='ocr_par' dir='ltr' id='par_1_5' title="bbox 235 959 1134 1035">
     <span class='ocr_line' id='line_1_10' title="bbox 235 959 1134 1035; baseline 0.001 -16"><span class='ocrx_word' id='word_1_62' title='bbox 235 968 253 1019; x_wconf 85' lang='grc'>4</span> <span class='ocrx_word' id='word_1_63' title='bbox 271 966 428 1034; x_wconf 81' lang='lat' dir='ltr'><strong>gratiarum</strong></span> <span class='ocrx_word' id='word_1_64' title='bbox 448 966 568 1022; x_wconf 88' lang='lat' dir='ltr'><strong>actione.</strong></span> <span class='ocrx_word' id='word_1_65' title='bbox 603 967 646 1021; x_wconf 92' lang='lat' dir='ltr'><strong>Ne</strong></span> <span class='ocrx_word' id='word_1_66' title='bbox 665 966 773 1021; x_wconf 90' lang='lat' dir='ltr'><strong>diutius</strong></span> <span class='ocrx_word' id='word_1_67' title='bbox 791 970 889 1021; x_wconf 88' lang='lat' dir='ltr'><strong>autem</strong></span> <span class='ocrx_word' id='word_1_68' title='bbox 906 970 939 1020; x_wconf 88' lang='lat' dir='ltr'><strong>te</strong></span> <span class='ocrx_word' id='word_1_69' title='bbox 957 984 1023 1035; x_wconf 90' lang='lat' dir='ltr'><strong>pro·</strong></span> <span class='ocrx_word' id='word_1_70' title='bbox 1132 959 1134 992; x_wconf 83' lang='lat'><strong>¹</strong></span> 
     </span>
    </p>

    <p class='ocr_par' dir='ltr' id='par_1_6' title="bbox 161 1044 1134 1262">
     <span class='ocr_line' id='line_1_11' title="bbox 271 1044 1134 1116; baseline 0.002 -17"><span class='ocrx_word' id='word_1_71' title='bbox 271 1046 393 1113; x_wconf 86' lang='lat' dir='ltr'><strong>traham,</strong></span> <span class='ocrx_word' id='word_1_72' title='bbox 413 1063 471 1113; x_wconf 91' lang='lat' dir='ltr'><strong>oro,</strong></span> <span class='ocrx_word' id='word_1_73' title='bbox 489 1047 616 1101; x_wconf 87' lang='lat' dir='ltr'><strong>breviter</strong></span> <span class='ocrx_word' id='word_1_74' title='bbox 634 1047 735 1101; x_wconf 82' lang='lat' dir='ltr'>audias</span> <span class='ocrx_word' id='word_1_75' title='bbox 753 1063 806 1101; x_wconf 93' lang='lat' dir='ltr'><strong>nos</strong></span> <span class='ocrx_word' id='word_1_76' title='bbox 824 1064 876 1116; x_wconf 90' lang='lat' dir='ltr'><strong>pro</strong></span> <span class='ocrx_word' id='word_1_77' title='bbox 895 1051 949 1101; x_wconf 92' lang='lat' dir='ltr'><strong>tua</strong></span> <span class='ocrx_word' id='word_1_78' title='bbox 968 1048 1023 1101; x_wconf 90' lang='lat' dir='ltr'><strong>cle-</strong></span> <span class='ocrx_word' id='word_1_79' title='bbox 1132 1044 1134 1050; x_wconf 75' lang='grc'>’</span> 
     </span>
     <span class='ocr_line' id='line_1_12' title="bbox 161 1126 1022 1196; baseline 0.002 -17"><span class='ocrx_word' id='word_1_80' title='bbox 161 1148 207 1189; x_wconf 66' lang='lat' dir='ltr'><strong>ns.</strong></span> <span class='ocrx_word' id='word_1_81' title='bbox 236 1128 252 1179; x_wconf 88' lang='lat'>5</span> <span class='ocrx_word' id='word_1_82' title='bbox 271 1127 387 1180; x_wconf 90' lang='lat' dir='ltr'><strong>mentia.</strong></span> <span class='ocrx_word' id='word_1_83' title='bbox 415 1126 578 1181; x_wconf 86' lang='lat' dir='ltr'>Invenimus</span> <span class='ocrx_word' id='word_1_84' title='bbox 594 1128 670 1182; x_wconf 91' lang='lat' dir='ltr'><strong>hunc</strong></span> <span class='ocrx_word' id='word_1_85' title='bbox 684 1127 826 1182; x_wconf 87' lang='lat' dir='ltr'><strong>hominem</strong></span> <span class='ocrx_word' id='word_1_86' title='bbox 840 1127 1022 1196; x_wconf 87' lang='lat' dir='ltr'><strong>pestiferum,</strong></span> 
     </span>
     <span class='ocr_line' id='line_1_13' title="bbox 271 1206 1021 1262; baseline 0.003 -3"><span class='ocrx_word' id='word_1_87' title='bbox 271 1211 301 1260; x_wconf 91' lang='lat' dir='ltr'><strong>et</strong></span> <span class='ocrx_word' id='word_1_88' title='bbox 321 1207 513 1262; x_wconf 81' lang='lat' dir='ltr'>concitantem</span> <span class='ocrx_word' id='word_1_89' title='bbox 532 1206 688 1262; x_wconf 77' lang='lat' dir='ltr'><strong>seditiones</strong></span> <span class='ocrx_word' id='word_1_90' title='bbox 707 1207 839 1262; x_wconf 87' lang='lat' dir='ltr'><strong>omnihus</strong></span> <span class='ocrx_word' id='word_1_91' title='bbox 856 1206 973 1262; x_wconf 89' lang='lat' dir='ltr'><strong>ludaeis</strong></span> <span class='ocrx_word' id='word_1_92' title='bbox 992 1208 1021 1261; x_wconf 89' lang='lat' dir='ltr'><strong>in</strong></span> 
     </span>
    </p>

    <p class='ocr_par' dir='ltr' id='par_1_7' title="bbox 225 1286 1021 1355">
     <span class='ocr_line' id='line_1_14' title="bbox 225 1286 1021 1355; baseline 0.003 -16"><span class='ocrx_word' id='word_1_93' title='bbox 225 1294 229 1301; x_wconf 90' lang='grc'><strong>’</strong></span> <span class='ocrx_word' id='word_1_94' title='bbox 271 1286 404 1341; x_wconf 88' lang='lat' dir='ltr'><strong>universo</strong></span> <span class='ocrx_word' id='word_1_95' title='bbox 428 1287 509 1355; x_wconf 87' lang='lat' dir='ltr'><strong>orbe,</strong></span> <span class='ocrx_word' id='word_1_96' title='bbox 536 1291 565 1342; x_wconf 85' lang='lat' dir='ltr'><strong>et</strong></span> <span class='ocrx_word' id='word_1_97' title='bbox 588 1292 734 1342; x_wconf 85' lang='lat' dir='ltr'><strong>auctorem</strong></span> <span class='ocrx_word' id='word_1_98' title='bbox 752 1287 902 1342; x_wconf 83' lang='lat' dir='ltr'><strong>seditionis</strong></span> <span class='ocrx_word' id='word_1_99' title='bbox 921 1292 1021 1342; x_wconf 88' lang='lat' dir='ltr'><strong>sectae</strong></span> 
     </span>
    </p>

    <p class='ocr_par' dir='ltr' id='par_1_8' title="bbox 148 1365 1021 1677">
     <span class='ocr_line' id='line_1_15' title="bbox 148 1365 1020 1437; baseline 0.001 -17"><span class='ocrx_word' id='word_1_100' title='bbox 148 1388 206 1429; x_wconf 61' lang='lat' dir='ltr'><strong>orsa.</strong></span> <span class='ocrx_word' id='word_1_101' title='bbox 235 1371 251 1420; x_wconf 88' lang='lat'><strong>6</strong></span> <span class='ocrx_word' id='word_1_102' title='bbox 270 1365 496 1421; x_wconf 85' lang='lat' dir='ltr'><strong>Nazarenorum:</strong></span> <span class='ocrx_word' id='word_1_103' title='bbox 516 1368 565 1437; x_wconf 88' lang='lat' dir='ltr'><strong>qui</strong></span> <span class='ocrx_word' id='word_1_104' title='bbox 585 1368 672 1422; x_wconf 87' lang='lat' dir='ltr'><strong>etiam</strong></span> <span class='ocrx_word' id='word_1_105' title='bbox 691 1369 827 1437; x_wconf 85' lang='lat' dir='ltr'><strong>temptum</strong></span> <span class='ocrx_word' id='word_1_106' title='bbox 846 1368 956 1422; x_wconf 83' lang='lat' dir='ltr'><strong>violare</strong></span> <span class='ocrx_word' id='word_1_107' title='bbox 975 1386 1020 1422; x_wconf 80' lang='lat' dir='ltr'><strong>co</strong></span> 
     </span>
     <span class='ocr_line' id='line_1_16' title="bbox 270 1448 1021 1517; baseline 0.001 -17"><span class='ocrx_word' id='word_1_108' title='bbox 270 1450 356 1501; x_wconf 87' lang='lat' dir='ltr'><strong>natus</strong></span> <span class='ocrx_word' id='word_1_109' title='bbox 384 1450 444 1514; x_wconf 81' lang='lat' dir='ltr'><strong>est,</strong></span> <span class='ocrx_word' id='word_1_110' title='bbox 473 1464 558 1516; x_wconf 91' lang='lat' dir='ltr'><strong>quem</strong></span> <span class='ocrx_word' id='word_1_111' title='bbox 587 1451 616 1502; x_wconf 90' lang='lat' dir='ltr'><strong>et</strong></span> <span class='ocrx_word' id='word_1_112' title='bbox 641 1448 851 1517; x_wconf 90' lang='lat' dir='ltr'><strong>apprehensum</strong></span> <span class='ocrx_word' id='word_1_113' title='bbox 876 1448 1021 1502; x_wconf 89' lang='lat' dir='ltr'><strong>voluimus</strong></span> 
     </span>
     <span class='ocr_line' id='line_1_17' title="bbox 235 1526 1021 1598; baseline 0.003 -18"><span class='ocrx_word' id='word_1_114' title='bbox 235 1526 427 1581; x_wconf 74' lang='lat' dir='ltr'><strong>tsecundum</strong></span> <span class='ocrx_word' id='word_1_115' title='bbox 459 1529 551 1596; x_wconf 85' lang='lat' dir='ltr'><strong>legem</strong></span> <span class='ocrx_word' id='word_1_116' title='bbox 579 1533 707 1582; x_wconf 85' lang='lat' dir='ltr'><strong>nostram</strong></span> <span class='ocrx_word' id='word_1_117' title='bbox 734 1527 869 1582; x_wconf 90' lang='lat' dir='ltr'><strong>iudicare.</strong></span> <span class='ocrx_word' id='word_1_118' title='bbox 914 1527 1021 1598; x_wconf 89' lang='lat' dir='ltr'><strong>Super-</strong></span> 
     </span>
     <span class='ocr_line' id='line_1_18' title="bbox 270 1607 1021 1677; baseline 0.001 -16"><span class='ocrx_word' id='word_1_119' title='bbox 270 1607 388 1661; x_wconf 84' lang='lat' dir='ltr'><strong>veniens</strong></span> <span class='ocrx_word' id='word_1_120' title='bbox 404 1612 498 1661; x_wconf 90' lang='lat' dir='ltr'><strong>autem</strong></span> <span class='ocrx_word' id='word_1_121' title='bbox 514 1608 647 1663; x_wconf 86' lang='lat' dir='ltr'><strong>tribunus</strong></span> <span class='ocrx_word' id='word_1_122' title='bbox 661 1608 772 1677; x_wconf 83' lang='lat' dir='ltr'><strong>Lysias,</strong></span> <span class='ocrx_word' id='word_1_123' title='bbox 790 1625 855 1662; x_wconf 91' lang='lat' dir='ltr'><strong>cum</strong></span> <span class='ocrx_word' id='word_1_124' title='bbox 869 1608 898 1662; x_wconf 92' lang='lat' dir='ltr'><strong>vi</strong></span> <span class='ocrx_word' id='word_1_125' title='bbox 912 1626 1021 1677; x_wconf 85' lang='lat' dir='ltr'><strong>magna</strong></span> 
     </span>
    </p>

    <p class='ocr_par' dir='ltr' id='par_1_9' title="bbox 271 1686 1020 1756">
     <span class='ocr_line' id='line_1_19' title="bbox 271 1686 1020 1756; baseline 0.001 -15"><span class='ocrx_word' id='word_1_126' title='bbox 271 1686 375 1756; x_wconf 89' lang='lat' dir='ltr'><strong>eripuit</strong></span> <span class='ocrx_word' id='word_1_127' title='bbox 395 1704 459 1741; x_wconf 90' lang='lat' dir='ltr'><strong>eum</strong></span> <span class='ocrx_word' id='word_1_128' title='bbox 479 1687 513 1743; x_wconf 89' lang='lat' dir='ltr'><strong>de</strong></span> <span class='ocrx_word' id='word_1_129' title='bbox 528 1688 662 1743; x_wconf 84' lang='lat' dir='ltr'><strong>manibus</strong></span> <span class='ocrx_word' id='word_1_130' title='bbox 675 1689 791 1755; x_wconf 88' lang='lat' dir='ltr'><strong>nostris,</strong></span> <span class='ocrx_word' id='word_1_131' title='bbox 818 1688 921 1742; x_wconf 90' lang='lat' dir='ltr'><strong>iubens</strong></span> <span class='ocrx_word' id='word_1_132' title='bbox 936 1706 1020 1743; x_wconf 87' lang='lat' dir='ltr'><strong>accu-</strong></span> 
     </span>
    </p>

    <p class='ocr_par' dir='ltr' id='par_1_10' title="bbox 146 1768 1019 1919">
     <span class='ocr_line' id='line_1_20' title="bbox 146 1768 1019 1839; baseline 0.001 -17"><span class='ocrx_word' id='word_1_133' title='bbox 146 1790 205 1831; x_wconf 67' lang='lat' dir='ltr'><strong>rato.</strong></span> <span class='ocrx_word' id='word_1_134' title='bbox 234 1770 250 1820; x_wconf 89' lang='lat'>8</span> <span class='ocrx_word' id='word_1_135' title='bbox 270 1770 381 1821; x_wconf 87' lang='lat' dir='ltr'><strong>satores</strong></span> <span class='ocrx_word' id='word_1_136' title='bbox 400 1768 462 1822; x_wconf 89' lang='lat' dir='ltr'><strong>eius</strong></span> <span class='ocrx_word' id='word_1_137' title='bbox 482 1768 519 1823; x_wconf 92' lang='lat' dir='ltr'><strong>ad</strong></span> <span class='ocrx_word' id='word_1_138' title='bbox 537 1774 566 1823; x_wconf 85' lang='lat' dir='ltr'><strong>te</strong></span> <span class='ocrx_word' id='word_1_139' title='bbox 585 1768 696 1823; x_wconf 88' lang='lat' dir='ltr'><strong>venire:</strong></span> <span class='ocrx_word' id='word_1_140' title='bbox 716 1785 734 1823; x_wconf 86' lang='lat' dir='ltr'><strong>a</strong></span> <span class='ocrx_word' id='word_1_141' title='bbox 752 1785 808 1838; x_wconf 87' lang='lat' dir='ltr'><strong>quo</strong></span> <span class='ocrx_word' id='word_1_142' title='bbox 827 1769 937 1838; x_wconf 85' lang='lat' dir='ltr'><strong>poteris</strong></span> <span class='ocrx_word' id='word_1_143' title='bbox 958 1770 1019 1839; x_wconf 90' lang='lat' dir='ltr'><strong>ipse</strong></span> 
     </span>
     <span class='ocr_line' id='line_1_21' title="bbox 269 1846 1015 1919; baseline 0.004 -19"><span class='ocrx_word' id='word_1_144' title='bbox 269 1846 407 1915; x_wconf 74' lang='lat' dir='ltr'><strong>iudicans</strong></span> <span class='ocrx_word' id='word_1_145' title='bbox 427 1848 462 1903; x_wconf 93' lang='lat' dir='ltr'><strong>de</strong></span> <span class='ocrx_word' id='word_1_146' title='bbox 479 1848 612 1903; x_wconf 86' lang='lat' dir='ltr'><strong>omnibus</strong></span> <span class='ocrx_word' id='word_1_147' title='bbox 627 1850 691 1903; x_wconf 87' lang='lat' dir='ltr'><strong>istis</strong></span> <span class='ocrx_word' id='word_1_148' title='bbox 705 1865 887 1917; x_wconf 82' lang='lat' dir='ltr'><strong>cognoscere,</strong></span> <span class='ocrx_word' id='word_1_149' title='bbox 906 1848 944 1903; x_wconf 89' lang='lat' dir='ltr'><strong>de</strong></span> <span class='ocrx_word' id='word_1_150' title='bbox 959 1850 1015 1919; x_wconf 88' lang='lat' dir='ltr'><strong>qui·</strong></span> 
     </span>
    </p>

    <p class='ocr_par' dir='ltr' id='par_1_11' title="bbox 91 1928 1017 1991">
     <span class='ocr_line' id='line_1_22' title="bbox 91 1928 1017 1991; baseline 0.003 -10"><span class='ocrx_word' id='word_1_151' title='bbox 91 1951 131 1991; x_wconf 62' lang='lat' dir='ltr'><strong>m,</strong></span> <span class='ocrx_word' id='word_1_152' title='bbox 147 1951 204 1991; x_wconf 61' lang='lat' dir='ltr'><strong>ran.</strong></span> <span class='ocrx_word' id='word_1_153' title='bbox 233 1932 249 1981; x_wconf 87' lang='lat'><strong>9</strong></span> <span class='ocrx_word' id='word_1_154' title='bbox 268 1928 322 1981; x_wconf 88' lang='lat' dir='ltr'><strong>hus</strong></span> <span class='ocrx_word' id='word_1_155' title='bbox 348 1944 401 1982; x_wconf 90' lang='lat' dir='ltr'><strong>nos</strong></span> <span class='ocrx_word' id='word_1_156' title='bbox 427 1944 597 1987; x_wconf 87' lang='lat' dir='ltr'><strong>accusamus</strong></span> <span class='ocrx_word' id='word_1_157' title='bbox 617 1945 690 1983; x_wconf 90' lang='lat' dir='ltr'><strong>eum.</strong></span> <span class='ocrx_word' id='word_1_158' title='bbox 727 1928 900 1983; x_wconf 88' lang='lat' dir='ltr'><strong>Adiecerunt</strong></span> <span class='ocrx_word' id='word_1_159' title='bbox 919 1936 1017 1985; x_wconf 84' lang='lat' dir='ltr'><strong>auteur</strong></span> 
     </span>
    </p>

    <p class='ocr_par' dir='ltr' id='par_1_12' title="bbox 216 2006 1050 2318">
     <span class='ocr_line' id='line_1_23' title="bbox 216 2006 1050 2074; baseline -0.004 -10"><span class='ocrx_word' id='word_1_160' title='bbox 216 2012 250 2064; x_wconf 90' lang='lat'><strong>10</strong></span> <span class='ocrx_word' id='word_1_161' title='bbox 269 2010 298 2061; x_wconf 92' lang='lat' dir='ltr'><strong>et</strong></span> <span class='ocrx_word' id='word_1_162' title='bbox 316 2006 427 2074; x_wconf 86' lang='lat' dir='ltr'><strong>Iudaei,</strong></span> <span class='ocrx_word' id='word_1_163' title='bbox 447 2008 575 2063; x_wconf 88' lang='lat' dir='ltr'><strong>dicentes</strong></span> <span class='ocrx_word' id='word_1_164' title='bbox 593 2010 665 2063; x_wconf 88' lang='lat' dir='ltr'><strong>haec</strong></span> <span class='ocrx_word' id='word_1_165' title='bbox 683 2010 725 2063; x_wconf 86' lang='lat' dir='ltr'><strong>ita</strong></span> <span class='ocrx_word' id='word_1_166' title='bbox 743 2025 775 2063; x_wconf 93' lang='lat' dir='ltr'><strong>se</strong></span> <span class='ocrx_word' id='word_1_167' title='bbox 794 2009 907 2063; x_wconf 87' lang='lat' dir='ltr'><strong>hahere.</strong></span> <span class='ocrx_word' id='word_1_168' title='bbox 964 2011 1050 2064; x_wconf 80' lang='lat' dir='ltr'><strong>Re-ar</strong></span> 
     </span>
     <span class='ocr_line' id='line_1_24' title="bbox 268 2087 1019 2156; baseline 0.004 -15"><span class='ocrx_word' id='word_1_169' title='bbox 268 2087 385 2156; x_wconf 78' lang='lat' dir='ltr'><strong>spondit</strong></span> <span class='ocrx_word' id='word_1_170' title='bbox 401 2091 497 2143; x_wconf 86' lang='lat' dir='ltr'><strong>autern</strong></span> <span class='ocrx_word' id='word_1_171' title='bbox 511 2089 626 2155; x_wconf 67' lang='lat' dir='ltr'><strong>Paulus</strong></span> <span class='ocrx_word' id='word_1_172' title='bbox 640 2092 797 2155; x_wconf 79' lang='lat' dir='ltr'><strong>(annuente</strong></span> <span class='ocrx_word' id='word_1_173' title='bbox 811 2089 866 2143; x_wconf 87' lang='lat' dir='ltr'><strong>sihi</strong></span> <span class='ocrx_word' id='word_1_174' title='bbox 880 2089 1019 2145; x_wconf 88' lang='lat' dir='ltr'><strong>Praeside</strong></span> 
     </span>
     <span class='ocr_line' id='line_1_25' title="bbox 268 2166 1019 2238; baseline 0.004 -17"><span class='ocrx_word' id='word_1_175' title='bbox 268 2166 374 2233; x_wconf 86' lang='lat' dir='ltr'><strong>dicere)</strong></span> <span class='ocrx_word' id='word_1_176' title='bbox 393 2168 436 2222; x_wconf 85' lang='lat' dir='ltr'><strong>Ex</strong></span> <span class='ocrx_word' id='word_1_177' title='bbox 455 2169 552 2223; x_wconf 88' lang='lat' dir='ltr'><strong>multis</strong></span> <span class='ocrx_word' id='word_1_178' title='bbox 571 2170 654 2223; x_wconf 89' lang='lat' dir='ltr'><strong>armis</strong></span> <span class='ocrx_word' id='word_1_179' title='bbox 673 2173 702 2223; x_wconf 89' lang='lat' dir='ltr'><strong>te</strong></span> <span class='ocrx_word' id='word_1_180' title='bbox 721 2185 786 2223; x_wconf 90' lang='lat' dir='ltr'><strong>esse</strong></span> <span class='ocrx_word' id='word_1_181' title='bbox 800 2169 923 2223; x_wconf 87' lang='lat' dir='ltr'><strong>iudicem</strong></span> <span class='ocrx_word' id='word_1_182' title='bbox 936 2170 1019 2238; x_wconf 87' lang='lat' dir='ltr'><strong>genti</strong></span> 
     </span>
     <span class='ocr_line' id='line_1_26' title="bbox 269 2248 1018 2318; baseline 0.004 -17"><span class='ocrx_word' id='word_1_183' title='bbox 269 2248 334 2303; x_wconf 91' lang='lat' dir='ltr'><strong>huic</strong></span> <span class='ocrx_word' id='word_1_184' title='bbox 352 2248 460 2315; x_wconf 90' lang='lat' dir='ltr'><strong>sciens,</strong></span> <span class='ocrx_word' id='word_1_185' title='bbox 483 2249 559 2303; x_wconf 88' lang='lat' dir='ltr'><strong>bono</strong></span> <span class='ocrx_word' id='word_1_186' title='bbox 579 2250 673 2303; x_wconf 86' lang='lat' dir='ltr'><strong>animo</strong></span> <span class='ocrx_word' id='word_1_187' title='bbox 692 2266 743 2318; x_wconf 86' lang='lat' dir='ltr'><strong>pro</strong></span> <span class='ocrx_word' id='word_1_188' title='bbox 762 2266 808 2303; x_wconf 91' lang='lat' dir='ltr'><strong>me</strong></span> <span class='ocrx_word' id='word_1_189' title='bbox 826 2249 1018 2305; x_wconf 86' lang='lat' dir='ltr'><strong>satisfaciam.</strong></span> 
     </span>
    </p>

    <p class='ocr_par' dir='ltr' id='par_1_13' title="bbox 145 2328 1018 2479">
     <span class='ocr_line' id='line_1_27' title="bbox 145 2328 1018 2398; baseline 0.003 -16"><span class='ocrx_word' id='word_1_190' title='bbox 145 2333 247 2392; x_wconf 71' lang='lat' dir='ltr'><strong>21,u.ll</strong></span> <span class='ocrx_word' id='word_1_191' title='bbox 268 2328 355 2384; x_wconf 91' lang='lat' dir='ltr'><strong>Potes</strong></span> <span class='ocrx_word' id='word_1_192' title='bbox 383 2329 458 2383; x_wconf 86' lang='lat' dir='ltr'><strong>enim</strong></span> <span class='ocrx_word' id='word_1_193' title='bbox 484 2345 657 2397; x_wconf 84' lang='lat' dir='ltr'><strong>cognoscere</strong></span> <span class='ocrx_word' id='word_1_194' title='bbox 683 2330 751 2398; x_wconf 86' lang='lat' dir='ltr'><strong>quia</strong></span> <span class='ocrx_word' id='word_1_195' title='bbox 775 2346 832 2384; x_wconf 93' lang='lat' dir='ltr'><strong>non</strong></span> <span class='ocrx_word' id='word_1_196' title='bbox 857 2330 922 2398; x_wconf 88' lang='lat' dir='ltr'><strong>pius</strong></span> <span class='ocrx_word' id='word_1_197' title='bbox 948 2335 1018 2385; x_wconf 91' lang='lat' dir='ltr'><strong>sunt</strong></span> 
     </span>
     <span class='ocr_line' id='line_1_28' title="bbox 268 2408 1018 2479; baseline 0.004 -17"><span class='ocrx_word' id='word_1_198' title='bbox 268 2408 336 2462; x_wconf 90' lang='lat' dir='ltr'><strong>mihi</strong></span> <span class='ocrx_word' id='word_1_199' title='bbox 362 2409 424 2464; x_wconf 90' lang='lat' dir='ltr'><strong>dies</strong></span> <span class='ocrx_word' id='word_1_200' title='bbox 450 2411 536 2478; x_wconf 78' lang='lat' dir='ltr'><strong>quarn</strong></span> <span class='ocrx_word' id='word_1_201' title='bbox 561 2408 728 2475; x_wconf 87' lang='lat' dir='ltr'><strong>duodecim,</strong></span> <span class='ocrx_word' id='word_1_202' title='bbox 755 2426 791 2463; x_wconf 88' lang='lat' dir='ltr'><strong>ex</strong></span> <span class='ocrx_word' id='word_1_203' title='bbox 816 2426 873 2479; x_wconf 87' lang='lat' dir='ltr'><strong>quo</strong></span> <span class='ocrx_word' id='word_1_204' title='bbox 898 2410 1018 2465; x_wconf 89' lang='lat' dir='ltr'><strong>ascendi</strong></span> 
     </span>
    </p>

    <p class='ocr_par' dir='ltr' id='par_1_14' title="bbox 216 2488 1017 2639">
     <span class='ocr_line' id='line_1_29' title="bbox 216 2488 1017 2560; baseline 0.001 -16"><span class='ocrx_word' id='word_1_205' title='bbox 216 2493 249 2544; x_wconf 80' lang='lat'><strong>12</strong></span> <span class='ocrx_word' id='word_1_206' title='bbox 269 2488 388 2544; x_wconf 88' lang='lat' dir='ltr'><strong>adorare</strong></span> <span class='ocrx_word' id='word_1_207' title='bbox 415 2490 444 2543; x_wconf 90' lang='lat' dir='ltr'><strong>in</strong></span> <span class='ocrx_word' id='word_1_208' title='bbox 471 2490 640 2543; x_wconf 86' lang='lat' dir='ltr'><strong>Ierusalem:</strong></span> <span class='ocrx_word' id='word_1_209' title='bbox 677 2494 706 2543; x_wconf 91' lang='lat' dir='ltr'><strong>et</strong></span> <span class='ocrx_word' id='word_1_210' title='bbox 733 2506 826 2558; x_wconf 87' lang='lat' dir='ltr'><strong>neque</strong></span> <span class='ocrx_word' id='word_1_211' title='bbox 853 2490 882 2544; x_wconf 87' lang='lat' dir='ltr'><strong>in</strong></span> <span class='ocrx_word' id='word_1_212' title='bbox 908 2492 1017 2560; x_wconf 87' lang='lat' dir='ltr'><strong>templo</strong></span> 
     </span>
     <span class='ocr_line' id='line_1_30' title="bbox 268 2568 1017 2639; baseline 0.004 -17"><span class='ocrx_word' id='word_1_213' title='bbox 268 2568 437 2625; x_wconf 85' lang='lat' dir='ltr'><strong>invenerunt</strong></span> <span class='ocrx_word' id='word_1_214' title='bbox 459 2586 505 2623; x_wconf 90' lang='lat' dir='ltr'><strong>me</strong></span> <span class='ocrx_word' id='word_1_215' title='bbox 529 2586 594 2623; x_wconf 88' lang='lat' dir='ltr'><strong>cum</strong></span> <span class='ocrx_word' id='word_1_216' title='bbox 614 2570 708 2639; x_wconf 82' lang='lat' dir='ltr'><strong>atiquo</strong></span> <span class='ocrx_word' id='word_1_217' title='bbox 726 2569 939 2638; x_wconf 84' lang='lat' dir='ltr'><strong>disputantem,</strong></span> <span class='ocrx_word' id='word_1_218' title='bbox 966 2575 1017 2625; x_wconf 87' lang='lat' dir='ltr'><strong>aut</strong></span> 
     </span>
    </p>
   </div>
   <div class='ocr_carea' id='block_1_3' title="bbox 215 2648 1015 2801">
    <p class='ocr_par' dir='ltr' id='par_1_15' title="bbox 215 2648 1015 2801">
     <span class='ocr_line' id='line_1_31' title="bbox 268 2648 1015 2719; baseline 0.003 -16"><span class='ocrx_word' id='word_1_219' title='bbox 268 2666 436 2705; x_wconf 88' lang='lat' dir='ltr'><strong>concursum</strong></span> <span class='ocrx_word' id='word_1_220' title='bbox 454 2648 619 2704; x_wconf 84' lang='lat' dir='ltr'><strong>.faeientern</strong></span> <span class='ocrx_word' id='word_1_221' title='bbox 646 2650 764 2716; x_wconf 85' lang='lat' dir='ltr'><strong>turbae,</strong></span> <span class='ocrx_word' id='word_1_222' title='bbox 792 2665 885 2719; x_wconf 88' lang='lat' dir='ltr'><strong>neque</strong></span> <span class='ocrx_word' id='word_1_223' title='bbox 912 2651 942 2704; x_wconf 88' lang='lat' dir='ltr'><strong>in</strong></span> <span class='ocrx_word' id='word_1_224' title='bbox 970 2667 1015 2719; x_wconf 89' lang='lat' dir='ltr'><strong>sy·</strong></span> 
     </span>
     <span class='ocr_line' id='line_1_32' title="bbox 215 2729 1015 2801; baseline 0.001 -15"><span class='ocrx_word' id='word_1_225' title='bbox 215 2735 248 2786; x_wconf 87' lang='lat'><strong>13</strong></span> <span class='ocrx_word' id='word_1_226' title='bbox 266 2730 402 2801; x_wconf 84' lang='lat' dir='ltr'><strong>nagogis,</strong></span> <span class='ocrx_word' id='word_1_227' title='bbox 439 2746 531 2799; x_wconf 85' lang='lat' dir='ltr'><strong>neque</strong></span> <span class='ocrx_word' id='word_1_228' title='bbox 559 2729 588 2784; x_wconf 85' lang='lat' dir='ltr'><strong>in</strong></span> <span class='ocrx_word' id='word_1_229' title='bbox 615 2730 747 2785; x_wconf 86' lang='lat' dir='ltr'><strong>civitate:</strong></span> <span class='ocrx_word' id='word_1_230' title='bbox 775 2746 867 2801; x_wconf 86' lang='lat' dir='ltr'><strong>neque</strong></span> <span class='ocrx_word' id='word_1_231' title='bbox 893 2732 1015 2800; x_wconf 86' lang='lat' dir='ltr'><strong>probare</strong></span> 
     </span>
    </p>
   </div>
   <div class='ocr_carea' id='block_1_4' title="bbox 266 2917 1014 3183">
    <p class='ocr_par' dir='ltr' id='par_1_16' title="bbox 321 2917 525 2972">
     <span class='ocr_line' id='line_1_33' title="bbox 321 2917 525 2972; baseline 0.02 -16"><span class='ocrx_word' id='word_1_232' title='bbox 321 2918 378 2972; x_wconf 55' lang='lat' dir='ltr'><strong>24st</strong></span> <span class='ocrx_word' id='word_1_233' title='bbox 428 2918 456 2960; x_wconf 80' lang='lat' dir='ltr'><strong>ut</strong></span> <span class='ocrx_word' id='word_1_234' title='bbox 470 2917 525 2961; x_wconf 87' lang='lat' dir='ltr'><strong>aad.</strong></span> 
     </span>
    </p>

    <p class='ocr_par' dir='ltr' id='par_1_17' title="bbox 298 2950 1014 3126">
     <span class='ocr_line' id='line_1_34' title="bbox 320 2950 1014 3025; baseline 0.004 -13"><span class='ocrx_word' id='word_1_235' title='bbox 320 2950 575 3023; x_wconf 61' lang='lat' dir='ltr'><strong>conprehendimus</strong></span> <span class='ocrx_word' id='word_1_236' title='bbox 589 2980 647 3013; x_wconf 82' lang='lat' dir='ltr'><strong>et·</strong></span> <span class='ocrx_word' id='word_1_237' title='bbox 664 2971 751 3016; x_wconf 85' lang='lat' dir='ltr'><strong>vol...</strong></span> <span class='ocrx_word' id='word_1_238' title='bbox 763 2972 867 3016; x_wconf 83' lang='lat' dir='ltr'><strong>.venire</strong></span> <span class='ocrx_word' id='word_1_239' title='bbox 894 2973 899 3025; x_wconf 84' lang='grc' dir='ltr'>Ι</span> <span class='ocrx_word' id='word_1_240' title='bbox 926 2972 960 3024; x_wconf 68' lang='lat' dir='ltr'><strong>(G</strong></span> <span class='ocrx_word' id='word_1_241' title='bbox 974 2979 1014 3015; x_wconf 74' lang='lat' dir='ltr'><strong>inc.</strong></span> 
     </span>
     <span class='ocr_line' id='line_1_35' title="bbox 266 3023 778 3126; baseline 0.008 -8.267"><span class='ocrx_word' id='word_1_242' title='bbox 266 3023 453 3126; x_wconf 46' lang='lat' dir='ltr'><strong>widbgnddss</strong></span> <span class='ocrx_word' id='word_1_243' title='bbox 467 3078 492 3120; x_wconf 84' lang='lat' dir='ltr'><strong>tc</strong></span> <span class='ocrx_word' id='word_1_244' title='bbox 573 3084 597 3119; x_wconf 87' lang='lat'><strong>11</strong></span> <span class='ocrx_word' id='word_1_245' title='bbox 613 3081 636 3126; x_wconf 89' lang='lat'>&gt;</span> <span class='ocrx_word' id='word_1_246' title='bbox 652 3076 704 3121; x_wconf 89' lang='lat' dir='ltr'><strong>dies</strong></span> <span class='ocrx_word' id='word_1_247' title='bbox 719 3078 778 3122; x_wconf 86' lang='lat' dir='ltr'><strong>mihi</strong></span> 
     </span>
    </p>

    <p class='ocr_par' dir='ltr' id='par_1_18' title="bbox 320 3128 720 3183">
     <span class='ocr_line' id='line_1_36' title="bbox 320 3128 720 3183; baseline 0.008 -11"><span class='ocrx_word' id='word_1_248' title='bbox 320 3135 346 3173; x_wconf 81' lang='lat'><strong>12</strong></span> <span class='ocrx_word' id='word_1_249' title='bbox 360 3128 393 3182; x_wconf 74' lang='lat' dir='ltr'><strong>(u</strong></span> <span class='ocrx_word' id='word_1_250' title='bbox 406 3135 447 3173; x_wconf 75' lang='lat' dir='ltr'><strong>tm.</strong></span> <span class='ocrx_word' id='word_1_251' title='bbox 461 3145 479 3173; x_wconf 86' lang='lat' dir='ltr'><strong>v.</strong></span> <span class='ocrx_word' id='word_1_252' title='bbox 493 3135 518 3173; x_wconf 86' lang='lat'><strong>13</strong></span> <span class='ocrx_word' id='word_1_253' title='bbox 532 3140 609 3183; x_wconf 87' lang='lat' dir='ltr'><strong>nequo</strong></span> <span class='ocrx_word' id='word_1_254' title='bbox 623 3130 649 3173; x_wconf 87' lang='lat' dir='ltr'><strong>in</strong></span> <span class='ocrx_word' id='word_1_255' title='bbox 663 3131 720 3182; x_wconf 81' lang='lat' dir='ltr'><strong>civ.)</strong></span> 
     </span>
    </p>
   </div>
   <div class='ocr_carea' id='block_1_5' title="bbox 609 3208 650 3253">
    <p class='ocr_par' dir='ltr' id='par_1_19' title="bbox 609 3208 650 3253">
     <span class='ocr_line' id='line_1_37' title="bbox 609 3208 650 3253; baseline -0.024 0"><span class='ocrx_word' id='word_1_256' title='bbox 609 3208 650 3253; x_wconf 80' lang='grc'><strong>376</strong></span> 
     </span>
    </p>
   </div>
   <div class='ocr_carea' id='block_1_6' title="bbox 0 0 1142 3434">
    <p class='ocr_par' dir='ltr' id='par_1_20' title="bbox 0 0 1142 3434">
     <span class='ocr_line' id='line_1_38' title="bbox 0 0 1142 3434; baseline 0 3"><span class='ocrx_word' id='word_1_257' title='bbox 0 0 1142 3434; x_wconf 95' lang='lat' dir='ltr'><strong> </strong></span> 
     </span>
    </p>
   </div>
  </div>
 </body>
</html>
