2275 3434
316 142 367 210 An
392 151 616 210 CORINTHIOS
639 152 672 209 Π.
789 154 914 224 8,4-11.

88 317 247 371 virtutem
272 317 424 371 voluntarii
451 318 583 384 fuerunt,
610 335 675 371 cum
700 319 791 371 multa
814 321 898 371 eir-4
925 339 962 379 aa
977 333 1084 377 raupa.

89 388 274 443 hortatione
293 388 479 442 obsecrantes
498 406 551 443 nos
570 389 707 457 gratiam,
732 393 762 443 et
787 406 861 443 com-

90 460 334 514 municationem
352 459 512 527 ministerii,
534 459 610 530 quod
629 460 662 514 fit
680 460 710 514 in
729 459 860 514 Sanetus

90 532 137 586 Et
162 548 223 585 non
243 531 318 585 sicut
336 532 531 600 speravimuS,
551 531 603 585 sed
622 531 795 600 semetipsos
814 531 861 586 de·
881 534 898 584 3

93 602 215 658 derunt
248 603 371 671 primum
402 603 540 670 Domino,
568 603 671 657 deinde
700 602 783 657 nohis
811 620 862 672 per

93 675 289 728 voluntatem
309 673 370 741 Dei,
383 676 388 714 ¹
402 675 443 730 ita
462 680 494 729 ut
513 691 680 744 rogaremus
698 674 809 728 Titum:
829 679 861 728 ut
881 678 898 727 6

94 744 351 814 quemadmodum
366 747 470 814 coepit,
488 746 530 800 ita
545 749 575 800 et
592 746 723 814 perficiat
736 747 765 799 in
779 745 862 800 vobis

54 818 200 871 ⁸suetiam
225 816 349 886 gratiam
374 818 468 872 istam.
507 817 564 872 Sed
583 818 659 871 sicut
681 817 710 871 in
730 817 898 872 omnibus'l
926 846 966 879 ,Κ
978 848 1013 887 1‚„

95 887 266 942 abundatis
292 887 363 956 fide,
390 892 419 944 et
442 905 589 956 sermone,
615 893 644 943 et
668 889 805 956 scientia,
833 894 862 942 et
926 892 1043 932 1111111·

96 960 187 1014 omni
207 959 401 1026 solicitudine,
421 961 538 1028 insuper
556 965 586 1014 et
605 960 745 1015 charitate
764 964 862 1014 vestra

96 1032 131 1085 in
155 1048 227 1097 noS‚
245 1034 279 1085 ut
298 1034 327 1084 et
346 1031 375 1085 in
394 1031 449 1085 hau
467 1031 562 1100 gratia
581 1031 743 1086 abundetis
797 1031 861 1086 Non
881 1034 898 1084 8

97 1103 194 1172 quasi
213 1102 358 1171 imperans
378 1103 456 1156 dico:
484 1102 536 1157 sed
560 1119 613 1171 per
631 1103 751 1158 aliorum
769 1103 861 1158 solici-

99 1174 256 1239 tudinem,
281 1175 368 1228 etiam
396 1177 510 1229 vestrae
538 1173 689 1229 charitatis
716 1175 861 1244 ingenium

98 1246 218 1300 honum
238 1246 436 1314 comprobans
466 1245 553 1300 Scitis
573 1245 648 1301 enim
666 1247 791 1316 gratiam
805 1246 897 1299 Do-9
925 1266 1011 1306 maan.

99 1316 180 1371 mini
199 1317 292 1370 nostri
306 1317 370 1372 lesu
385 1316 501 1384 Christi,
521 1318 655 1386 quoniam
674 1323 792 1387 propter
809 1334 861 1371 vos

101 1404 220 1458 egenus
240 1387 335 1442 factus
355 1393 416 1456 est,
436 1406 500 1443 cum
519 1393 598 1444 esset
616 1389 712 1457 divae,
735 1393 768 1444 ut
781 1388 861 1442 illius

101 1460 209 1529 inopia
237 1475 288 1513 vos
315 1459 419 1514 divites
444 1460 556 1514 essetis
594 1460 632 1514 Et
657 1461 806 1515 consilium
832 1461 861 1513 in
882 1463 916 1512 10

102 1532 163 1586 hoc
191 1530 242 1584 do:
269 1530 323 1585 hoc
349 1531 424 1585 enim
448 1532 531 1586 vobis
557 1532 626 1586 utile
651 1537 711 1600 est,
737 1533 861 1600 quinon

104 1604 204 1656 solum
224 1601 334 1669 facere,
360 1603 412 1656 sed
431 1607 460 1656 et
478 1604 550 1658 velle
569 1604 706 1672 coepistis
730 1604 766 1657 ab
786 1619 861 1656 anno

105 1675 219 1742 priore:
238 1674 330 1726 lnunc
348 1691 416 1727 vero
436 1678 465 1728 et
484 1674 562 1728 facto
581 1675 724 1742 perficite:
743 1678 776 1728 ut
794 1690 861 1743 que·
883 1677 914 1726 11

106 1744 296 1800 madmodum
314 1748 471 1814 promptus?
490 1749 535 1799 est
560 1745 672 1799 animus
695 1746 861 1809 voluntatis,

107 1816 151 1871 ita
171 1817 212 1870 sit
231 1819 260 1870 et
278 1815 447 1886 perficiendi
462 1832 498 1869 ex
517 1833 559 1882 co,
579 1817 657 1885 quod
675 1816 796 1870 habetis
831 1816 861 1870 Si
882 1819 1053 1876 lanuarias.

110 1889 187 1942 enim
197 1889 331 1941 voluntas
346 1891 480 1957 prompta
494 1890 547 1954 est,
562 1887 719 1941 secundum
733 1887 771 1954 id,
786 1887 861 1956 quod
926 1882 957 1914 ¹⁵⁰
969 1882 1026 1922 ¹²’⁴³·

113 1958 209 2025 habet,
237 1962 356 2027 accepta
375 1963 434 2025 est,
458 1975 515 2013 non
534 1959 691 2012 secundum
716 1959 759 2026 id,
786 1958 862 2028 quod

115 2045 167 2084 nun
194 2031 290 2084 habet.
327 2030 391 2084 Non
417 2030 492 2084 enim
517 2033 550 2084 ut
574 2029 637 2083 aliis
660 2030 699 2083 sit
721 2031 862 2095 remissio,
883 2034 916 2083 13

114 2102 193 2155 vobis
223 2105 319 2155 autem
345 2101 507 2168 tribulatio,
535 2101 587 2154 sed
615 2117 651 2154 ex
679 2102 862 2170 aequalitate.

111 2171 141 2226 ln
170 2173 318 2242 praesenti
346 2176 474 2241 tempore
501 2177 600 2226 vestra
627 2173 805 2227 abundantia
828 2173 862 2244 ,il—
884 2176 973 2236 Itan.

110 2243 202 2298 lorum
231 2243 357 2312 inopiam
385 2243 532 2312 suppleat:
560 2247 593 2298 ut
621 2249 651 2298 et
677 2244 788 2298 illorum
815 2245 863 2298 ab·

111 2315 253 2369 undantia
277 2319 392 2369 vestrae
420 2315 534 2384 inopiae
559 2316 598 2369 sit
624 2316 862 2384 supplementum,

111 2392 143 2442 ut
169 2388 222 2440 liat
248 2387 421 2454 aequalitate,
441 2387 532 2441 'sicut
558 2388 775 2456 scriptumest:
808 2387 862 2456 Qui
884 2388 956 2442 l5a1
968 2412 1026 2451 aas.

111 2459 233 2512 multum
270 2475 327 2512 non
351 2458 530 2512 abundavit:
569 2463 599 2512 et
631 2458 679 2527 qui
711 2457 862 2525 modicum,

111 2545 169 2583 non
198 2529 358 2583 minoravit.
443 2529 558 2583 Gratias
587 2535 684 2584 autem
710 2529 786 2596 Deo,
814 2531 863 2598 qui
884 2534 917 2582 16

113 2600 192 2655 dedit
233 2599 353 2654 eandem
386 2601 597 2656 solicitudinem
635 2617 687 2670 pro
719 2601 802 2655 vobis
834 2602 863 2655 in

113 2671 198 2726 corde
222 2672 293 2739 Titi,
325 2673 459 2741 quoniam
491 2673 720 2727 exhortationem
748 2673 862 2742 quidem
885 2675 917 2725 17

166 2805 369 2854 autumare
393 2807 396 2858 Ι
423 2808 500 2858 t-et)
520 2807 524 2858 Ι
544 2805 686 2858 invasa
708 2806 853 2852 innosFl

116 2862 177 2912 grat.
189 2858 247 2908 [dei]
259 2859 300 2902 ist.
328 2861 467 2910 7(-0n1nil
480 2861 483 2912 l
497 2860 629 2913 —insuper
643 2859 720 2912 [mm
745 2862 802 2912 a(-
811 2861 863 2905 sed)

126 2916 262 2966 ltpropter)
282 2916 284 2961 l
307 2911 367 2966 (ing.
382 2913 498 2967 probans)
536 2919 560 2956 11
576 2913 675 2964 (animai
712 2920 737 2956 12
751 2915 824 2956 -est
839 2914 864 2956 1⁰

117 2967 190 3018 [fflffl
208 2973 211 3018 ι
229 2967 288 3008 -id
300 2965 326 3008 2⁰
363 2966 494 3010 1311111111
510 2967 513 3020 l
531 2966 705 3017 sem-teta
739 2973 765 3010 11
779 2968 804 3010 in
818 2967 865 3011 hoc

116 3023 187 3073 temp.
199 3021 323 3073 praesenti
333 3023 370 3070 F}
383 3020 466 3074 inopia
476 3022 500 3060 F
510 3021 514 3072 Ι
526 3021 703 3074 (aequalitatis)
741 3027 767 3063 15
781 3021 814 3071 (a
824 3027 865 3064 inc.

117 3089 134 3114 v.
151 3072 205 3124 Qui)
230 3077 234 3126 Ι
260 3074 327 3116 mult.
347 3075 421 3117 habet
440 3077 464 3114 F
487 3075 490 3126 Ι
516 3074 649 3118 minorabit
670 3077 693 3114 F
768 3081 793 3116 17
810 3076 863 3118 enh.

118 3128 199 3178 quia]
216 3127 408 3170 consolationem
423 3130 448 3167 F
707 3156 709 3159 -

478 3207 519 3250 469
