2275 3434
179 205 183 222 ·
243 179 441 242 SECVNDVM
462 186 698 241 MATTHAEVM.
736 185 895 254 lara-aa

94 350 136 416 ei,
163 351 192 403 et
218 347 390 404 abundabit:
417 349 466 418 qui
489 351 585 402 autem
608 347 787 414 nonhabet,
813 352 843 402 et

54 424 171 504 ssquod
196 429 285 484 habet
310 429 457 484 auferetur
482 429 518 482 ab
543 445 585 482 eo.
622 427 688 482 Ideo
712 427 741 480 in
760 445 843 496 para·
863 429 992 487 laum.

93 509 168 563 bolis
186 509 286 578 loquor
305 511 359 564 eis:
380 509 447 578 quia
466 508 597 562 videntes
616 525 673 562 non
687 507 794 574 vident,
814 512 843 562 et

90 589 245 653 *audientes
264 607 320 644 non
341 590 469 656 audiunt,
487 605 581 657 neque
600 588 770 656 intelligunt.
807 588 843 642 Et
864 589 1003 646 latisana.

94 669 266 738 adimpletur
283 671 313 724 in
332 671 373 724 eis
391 669 543 738 prophetia
562 669 653 722 Isaiae
673 669 806 722 dicentis:
906 647 1044 736 bibitam.

129 749 237 804 Auditu
257 750 389 816 audiena,
409 753 438 804 et
455 766 514 803 non
532 749 713 816 intelligetis:

166 833 195 885 et
214 830 344 884 videntes
364 829 507 896 videbun,
528 832 557 882 et
575 845 632 882 non
651 828 794 883 videbitis,

129 911 325 964 incrassatum
345 912 390 962 est
409 909 483 961 enirn
503 925 551 962 oor
569 908 667 976 populi
685 907 779 975 huius,
864 909 898 961 15

167 995 196 1043 et
216 987 333 1042 auribus
351 988 479 1056 graviter
498 987 656 1054 audierunt,

131 1071 161 1122 et
180 1069 277 1122 oculos
297 1084 364 1122 suos
384 1069 562 1122 clauserunt:

167 1147 320 1217 nequando
339 1147 457 1202 videant
475 1147 573 1214 oeulis,

130 1233 160 1283 et
179 1228 295 1282 auribus
315 1226 441 1295 audiant,

167 1313 196 1364 et
215 1307 299 1363 corde
318 1307 488 1376 intelligant,
508 1310 537 1362 et
556 1311 767 1374 convertantur,

131 1393 161 1442 et
179 1403 279 1441 sanem
298 1403 354 1442 eoo.

57 1455 84 1533 ξ’*
95 1468 191 1521 Vestri
211 1469 306 1520 autern
324 1467 402 1522 beati
419 1467 493 1522 oculi
508 1468 575 1537 quia
589 1468 695 1535 vident,
715 1471 744 1523 et
758 1485 842 1522 aures
863 1474 921 1524 ltin
934 1488 1021 1530 ropau.

95 1551 210 1602 vestrae
226 1547 292 1616 quia
306 1547 432 1607 audiunt.
457 1549 546 1602 Amen
561 1549 668 1618 quippe
678 1549 741 1603 dico
751 1549 843 1615 vobiS‚
864 1554 896 1605 17

95 1628 164 1697 quia
178 1628 259 1682 multi
272 1628 439 1697 prophetae,
454 1633 484 1683 et
498 1629 566 1683 iusti
581 1629 733 1698 cupierunt
746 1629 843 1683 videre

95 1725 170 1777 quae
188 1708 301 1775 videtiS,
321 1713 350 1762 at
369 1726 425 1763 non
444 1709 588 1764 viderunt:
609 1713 639 1763 et
657 1709 755 1764 andire
770 1725 844 1778 quae

57 1775 214 1857 ssauditie
241 1795 270 1843 et
289 1805 346 1842 non
365 1789 525 1843 audierunt.
581 1789 639 1844 Vos
659 1806 726 1859 ergo
746 1789 844 1843 audite
864 1793 898 1845 18

94 1868 262 1938 parabolam
282 1869 458 1924 seminando.
493 1869 602 1937 OmniS,
622 1871 670 1939 qui
689 1869 770 1924 audit
782 1886 844 1923 ver·
864 1874 897 1924 19

94 1951 163 2003 bum
181 1949 275 2018 regni,
300 1953 329 2004 et
347 1967 404 2004 non
423 1950 567 2020 intelligit,
589 1951 668 2004 venit
686 1951 792 2016 malus,
816 1953 845 2002 et

97 2029 172 2098 rapit
195 2029 271 2098 quod
290 2028 462 2085 seminatum
482 2034 526 2084 est
545 2031 574 2084 in
593 2030 678 2085 eorde
698 2030 774 2084 eius:
798 2029 845 2082 hic

97 2112 142 2163 est
161 2109 210 2178 qui
229 2125 311 2164 secus
327 2111 402 2164 viam
419 2111 577 2164 seminatus
592 2114 645 2164 est.
679 2110 733 2178 Qui
749 2114 844 2164 autern
863 2114 899 2164 20

96 2205 184 2258 super
201 2193 317 2258 petrusa
337 2190 496 2244 seminatus
514 2193 567 2256 est,
587 2189 638 2253 hio
648 2193 701 2256 est,
721 2190 770 2258 qui
783 2206 845 2244 ver-

95 2270 164 2323 bum
191 2269 285 2337 audit,
312 2274 340 2325 et
366 2269 501 2324 continuo
526 2287 591 2322 oum
613 2269 718 2338 gaudio
741 2270 846 2338 aooipit

96 2349 178 2404 illud:
215 2368 272 2405 non
298 2351 386 2406 habet
413 2354 510 2405 autern
528 2350 558 2404 in
578 2365 609 2404 se
628 2348 768 2417 radicem,
794 2350 845 2405 sed
864 2355 897 2408 21

28 2501 31 2505 ἦ
97 2432 141 2484 est
166 2430 340 2500 temporalis.
379 2431 457 2485 facta
483 2434 580 2486 autern
606 2431 790 2486 tribulatione
816 2435 846 2486 et

96 2511 295 2580 perseeutione
318 2515 436 2580 propter
454 2512 587 2579 verbum,
611 2511 745 2566 continuo
765 2528 846 2566 soan-

97 2590 245 2645 dalizatur.
279 2591 334 2660 Qui
353 2594 449 2646 autem
469 2592 627 2646 seminatus
643 2591 730 2646 estin
746 2593 845 2661 opinio,
864 2597 997 2657 Qun-u.

96 2671 142 2724 hio
158 2674 210 2738 est,
227 2672 276 2740 qui
290 2671 409 2726 verbum
425 2672 513 2738 audit,
528 2676 557 2726 et
572 2671 723 2727 solicitudo
739 2673 846 2726 saeculi
910 2659 944 2692 Μ’
955 2661 991 2701 ⁶³·

98 2751 189 2819 istius,
209 2756 239 2806 et
258 2751 373 2806 fallacia
392 2751 555 2806 divitiarum
575 2753 700 2807 suffocat
718 2753 845 2820 verbum,

100 2835 127 2885 et
151 2832 213 2886 sine
239 2831 335 2887 fructu
359 2831 490 2887 efficitur.
529 2833 583 2902 Qui
602 2850 669 2888 vero
689 2834 718 2887 in
740 2837 846 2888 terram
864 2838 899 2888 23

126 2943 198 2950 ...w-u
205 2946 211 2949 .
238 2945 259 2949 ..-
266 2945 311 2950 -.α

150 2997 176 3036 14
190 2991 212 3046 ὖ
226 2993 253 3036 ut
267 2992 428 3047 adimpleatur
445 2993 448 3046 Ι
469 2993 528 3036 -in
547 2993 549 3045 Ι
570 2992 654 3038 dicens
673 2994 676 3046 i
694 2993 805 3048 intolleg·
817 3003 847 3037 etc

150 3051 177 3089 15
191 3045 315 3090 eluserunt
340 3049 343 3100 1
369 3046 511 3100 nequando
537 3048 540 3100 1
567 3052 590 3097 >
607 3059 643 3090 oo.
658 3047 706 3090 vid.

151 3105 178 3142 20
192 3110 265 3153 supra
495 3151 496 3154 Ἴ

150 3159 176 3196 22
192 3158 213 3204 >
231 3156 269 3198 est
283 3164 341 3198 sem.
357 3153 382 3197 in
397 3154 460 3207 spin.

467 3233 495 3277 33
815 3238 829 3274 3
