2275 3434
265 111 406 178 tal-47.
493 111 691 167 SECVNDVM
713 110 875 166 MARCVM.

152 291 180 325 ln
192 293 250 332 ram
261 274 294 325 37
316 273 357 326 sit
378 273 448 326 illis:
482 273 619 342 Quisquis
639 289 726 326 unum
744 289 778 325 ex
793 271 959 326 huiusmodi
975 272 1078 340 pueri<

166 335 251 369 ΗΜ·
315 353 456 422 receperit
484 353 513 406 in
541 354 656 407 nomine
683 369 760 417 meo,
789 369 834 406 me
862 352 987 421 recipit:
1022 349 1101 427 *εἲῖ

316 434 486 502 quicumque
513 449 559 486 me
585 433 760 501 susceperit,
786 449 843 486 non
867 449 913 486 me
937 433 1076 501 suscipit.

121 513 367 574 Nu11,2r.aa.388ed
396 529 475 578 eum,
509 513 557 582 qui
590 513 669 567 misit
701 528 755 567 me.
837 512 1002 581 Respondit
1038 515 1076 565 illi
1089 507 1101 550 '¹-

316 593 447 658 Ioannes,
467 592 579 647 dicens:
606 593 752 661 Magister,
771 591 895 646 vidimus
915 593 1076 662 quemdam

317 673 345 727 in
369 673 483 727 nomine
502 677 552 727 tuo
572 673 733 727 elicientem
753 672 918 739 daemonia,
942 673 997 742 qui
1017 691 1075 726 nnn

155 756 296 816 1x12,a.39
316 753 447 822 sequitur
478 771 545 820 noS‚
580 758 609 808 et
640 753 839 822 prohibuimus
868 769 941 807 eum.
991 753 1076 808 Iesu>
1099 788 1101 791 -

317 838 413 888 autem
440 834 507 889 ait:.
521 835 616 889 Nolite
639 834 790 903 prohibere
810 850 882 887 eum.
919 849 1010 889 nemo
1032 843 1074 889 est

316 915 391 969 enim
415 916 463 984 qui
487 915 578 970 faciat
597 915 734 968 virtutem
753 915 782 968 in
801 915 915 968 nomine
934 931 1017 978 meo,
1049 925 1074 970 el

153 1017 181 1050 m
193 1018 251 1058 ran.
261 997 297 1047 40
316 995 410 1064 possit
435 996 492 1050 cito
511 997 586 1048 male
605 995 683 1064 loqui
702 993 737 1048 de
756 1011 809 1048 me.
847 993 897 1064 qui
916 993 996 1049 enim
1016 1014 1075 1049 non

154 1097 181 1130 in
194 1097 251 1138 ops.
262 1077 294 1128 41
317 1079 361 1128 est
388 1074 540 1129 adversum
563 1091 631 1141 vm,
657 1091 709 1143 pro
732 1075 815 1128 vobis
839 1078 891 1128 est.
930 1074 1088 1145 Quisquis

317 1156 391 1209 enim
416 1159 516 1225 potum
543 1154 654 1208 dederit
676 1154 759 1208 vobis
784 1155 902 1208 calicem
927 1171 1026 1224 aquae
1049 1159 1074 1210 in

316 1236 429 1289 nomine
454 1252 531 1302 meo,
559 1235 627 1303 quia
650 1233 757 1288 Christi
783 1235 869 1288 estis:
895 1250 980 1288 amen
1009 1236 1074 1290 dii-n

262 1321 297 1371 42
316 1316 414 1382 vobis,
447 1331 504 1369 non
537 1314 638 1383 perdet
670 1315 831 1369 mercedem
861 1331 953 1370 suam.
1039 1320 1073 1370 Et

317 1396 446 1466 quisquis
472 1393 712 1449 scandalizaverit
731 1411 818 1449 unum
838 1412 873 1449 ex
892 1395 937 1448 his
956 1399 1073 1465 pusillis

317 1475 500 1530 credentibus
526 1476 553 1530 in
580 1493 640 1529 me:
669 1476 775 1529 bonurn
801 1478 847 1529 est
872 1476 898 1530 ei
923 1478 1023 1546 magis
1050 1482 1072 1531 si

317 1554 541 1610 circumdaretur
559 1557 636 1610 mola
655 1556 782 1609 asinaria
800 1556 871 1610 collo
891 1555 967 1622 eiuS,
992 1563 1027 1613 et
1047 1561 1071 1613 in

165 1657 193 1691 ut
204 1659 252 1700 aro.
263 1642 298 1692 43
317 1651 395 1690 mare
420 1636 590 1690 mitteretur.
667 1636 704 1689 Et
727 1636 751 1689 si
776 1635 1021 1693 scandalizaverit
1047 1638 1082 1693 te¹

317 1732 419 1770 manus
445 1720 510 1783 tua,
538 1716 674 1771 abscinde
700 1716 792 1770 illam:
819 1716 925 1770 bonum
951 1721 1071 1773 esttibi

318 1797 440 1850 debilem
459 1797 576 1851 introire
595 1798 624 1851 in
643 1797 747 1863 vitam,
767 1798 854 1865 quarn
873 1796 946 1850 duas
964 1813 1071 1853 manus

318 1877 472 1930 habentem
491 1877 532 1931 ire
551 1877 580 1930 in
598 1877 768 1946 gehennam,
788 1876 817 1930 in
835 1877 931 1945 ignem
946 1876 1071 1933 inextin-

165 1981 184 2013 n
196 1963 300 2021 naam
318 1957 468 2026 guibilem:
506 1957 556 2010 ubi
575 1957 680 2011 vermis
700 1973 798 2011 eorum
817 1974 874 2011 non
892 1956 1023 2026 moritur,
1045 1960 1091 2014 ets

264 2041 299 2092 45
319 2037 393 2105 ignis
425 2054 482 2091 non
515 2037 699 2107 extinguitur.
744 2037 781 2091 Et
810 2037 836 2090 si
863 2053 915 2105 pes
943 2040 1012 2092 tuus
1043 2046 1069 2093 te

319 2116 512 2184 scandalizat,
541 2121 661 2188 amputa
688 2117 780 2172 illurn:
809 2118 916 2171 bonum
944 2121 990 2171 est
1017 2121 1067 2173 tibi

320 2197 451 2250 claudum
477 2198 594 2252 introire
620 2197 650 2252 in
675 2198 765 2251 vitam
791 2200 953 2263 aetermam,
982 2201 1068 2267 quam

320 2277 391 2332 duos
428 2278 516 2346 pedes
554 2279 708 2332 habentem
740 2277 816 2331 mitti
848 2277 877 2330 in
908 2276 1068 2345 gehennam

227 2381 256 2412 u.
266 2364 300 2413 46
320 2359 393 2427 ignis
419 2358 661 2426 inextinguibilis:
699 2358 748 2411 ubi
771 2357 876 2411 vermis
896 2374 993 2411 eornm
1012 2376 1068 2412 non

169 2459 197 2492 m
207 2459 256 2501 aar.
266 2444 300 2493 47
320 2438 454 2505 moritur,
493 2442 522 2493 et
553 2438 629 2506 ignis
661 2455 718 2491 non
751 2437 935 2507 extinguitur.
986 2438 1067 2507 Quod

321 2518 345 2572 si
378 2519 476 2572 oculus
509 2521 578 2572 tuus
608 2517 785 2572 scandalizat
813 2522 857 2585 te,
890 2518 960 2572 eiice
987 2535 1065 2572 enm:

320 2599 426 2653 bonnm
456 2601 501 2652 est
529 2597 582 2652 tibi
610 2597 720 2651 luscum
747 2598 865 2652 introire
893 2598 922 2652 in
950 2615 1065 2667 regnum

267 2719 269 2722 -
321 2679 389 2747 Dei,
417 2680 504 2748 quam
533 2677 605 2731 duos
634 2679 730 2732 oculos
758 2678 912 2733 habentem
939 2679 1014 2733 mitti
1037 2679 1064 2732 in
1099 2696 1101 2731 ε

374 2873 401 2910 37
417 2871 438 2916 >
455 2875 493 2908 ms
508 2863 576 2908 misit

375 2945 401 2981 ss
416 2935 534 2990 quendam

375 3015 399 3052 41
415 3008 436 3064 ἕ
449 3018 527 3061 aquae
540 3007 646 3062 frigidae

376 3085 402 3122 43
417 3078 506 3134 tim
521 3078 622 3122 abscide
1099 3078 1101 3179 1

670 3154 710 3197 112

1099 3228 1101 3265 l
