2275 3434
270 166 391 225 ACTVS
414 166 697 225 APOSTOLORVM.
778 161 911 236 tto-18,

100 331 248 386 civitatem
278 332 441 399 Samariae,
471 331 659 401 praedicabat
686 330 744 384 illis
773 330 852 384 Chri-

99 415 187 465 stum.
225 411 417 467 Intendebant
443 416 539 467 autem
564 412 668 466 turbae
690 411 751 476 his,
777 414 889 479 quaed

99 509 117 545 a
141 492 274 561 Philippo
301 492 470 547 dicebantur
494 491 668 547 unanimiter
693 490 852 557 audientes

99 576 129 627 et
151 572 284 627 videntes
309 574 392 642 signa
411 588 485 642 quae
505 572 640 627 faciebat.
677 571 758 626 lllulti
777 572 852 625 enim
872 574 888 623 7
916 590 948 623 m
961 592 1018 631 ran.

99 670 208 719 eorum,
234 654 283 722 qui
301 654 448 708 habebant
467 654 588 721 spiritus
607 651 778 719 immundos
797 653 853 705 cla·

97 738 214 787 mantes
238 750 309 788 voce
332 750 452 803 magna,
482 734 607 788 exibant.
650 733 730 787 Multi
757 737 853 787 autem

98 814 262 882 paralytici,
282 817 311 868 et
330 814 423 868 claudi
443 814 535 868 curati
555 817 631 868 sunt.
668 814 789 868 Factum
808 817 854 867 est
873 815 890 865 8
917 829 1031 872 rapo-42.

62 908 169 963 22ergo
188 894 327 963 gaudium
346 911 481 964 magnum
500 894 529 947 in
548 895 597 948 illa
615 894 740 949 civitate.
805 894 854 948 Vir
873 896 889 945 9

100 980 199 1029 autem
218 973 335 1043 quidam
354 974 468 1029 nomine
484 973 591 1042 Simon,
610 975 659 1043 qui
677 979 743 1029 ante
758 975 854 1029 fuerat

102 1054 265 1122 incivitate
280 1070 391 1123 magua
410 1054 551 1108 seducens
566 1059 682 1124 gentem
697 1054 853 1121 Samariae,

102 1131 200 1188 dicens
220 1150 253 1187 se
272 1150 337 1188 esse
356 1134 481 1203 aliquem
499 1151 650 1203 magnum:
677 1135 723 1188 cui
743 1134 854 1188 auscul-
874 1136 908 1188 10

100 1214 205 1269 tabant
231 1230 331 1268 omnes
350 1232 368 1269 a
386 1206 503 1271 minimo
521 1232 614 1283 usque
634 1214 670 1269 ad
688 1216 853 1282 maximum,

99 1294 246 1349 dicentes:
274 1294 328 1348 Hic
354 1299 399 1349 est
424 1295 515 1349 virtus
539 1295 609 1362 Dei,
635 1312 708 1364 quae
734 1299 854 1350 vocatur

100 1392 215 1444 magna.
236 1375 431 1430 Attendebant
446 1379 543 1430 autern
558 1392 634 1429 eum:
649 1376 853 1445 propterquod
875 1377 905 1428 11

99 1456 191 1510 multo
215 1458 345 1524 tempore
368 1455 470 1525 magiis
494 1457 555 1510 suis
580 1456 775 1511 dementasset
794 1473 852 1511 eos.

101 1536 173 1591 Cum
194 1552 264 1590 vero
285 1534 474 1590 credidissent
492 1536 624 1606 Philippo
644 1538 853 1606 evangelizanti
874 1538 907 1588 12
918 1553 945 1586 m
956 1554 1016 1593 aaa.

101 1617 135 1671 de
155 1633 245 1685 regno
260 1616 323 1683 Dei,
342 1617 371 1670 in
390 1616 504 1671 nomine
518 1616 584 1671 Iesu
598 1618 705 1672 Christi
724 1617 854 1686 baptiza-

100 1697 208 1752 bantur
225 1696 288 1763 viri,
309 1712 342 1750 ac
361 1697 501 1751 mulieres.
531 1698 612 1752 Tunc
626 1698 724 1752 Simon
744 1698 853 1767 etipse
874 1698 907 1748 13

102 1776 238 1831 credidit:
261 1779 290 1830 et
309 1793 373 1830 curn
389 1777 556 1846 baptizatus
573 1782 659 1845 esset,
679 1778 854 1833 adhaerebat

102 1857 243 1926 Philippo.
288 1856 394 1911 Videns
427 1858 514 1912 etiam
542 1858 641 1926 signa,
674 1862 702 1913 el
731 1860 853 1913 virtutes

105 1937 244 1991 maximas
264 1935 339 2004 fieri,
364 1941 484 2007 stupens
504 1937 708 1994 admirabatur.
782 1938 853 1993 Cum
874 1939 908 1990 14
918 1954 954 1995 ar.

109 2020 198 2071 autern
219 2016 369 2071 audissent
388 2018 527 2086 Apostoli,
548 2018 597 2087 qui
617 2022 699 2072 erant
717 2019 853 2088 lerosoly-

107 2096 172 2165 miS,
200 2096 279 2167 quod
307 2098 464 2166 recepisset
489 2097 621 2152 Samaria
646 2099 765 2154 verbum
791 2099 853 2166 Dei,

104 2178 243 2231 miserunt
258 2176 295 2231 ad
310 2192 359 2231 eos
373 2178 497 2245 Petrum,
513 2177 700 2232 etloannem:
720 2179 773 2249 Qui
789 2196 852 2233 curn
874 2180 907 2231 15

103 2258 264 2324 venissent,
291 2262 444 2313 oraverunt
468 2275 520 2328 pro
543 2258 616 2327 ipsis
639 2262 672 2313 ut
691 2260 854 2328 acciperent

103 2336 242 2407 Spiritum
269 2342 415 2393 sanctum:
453 2338 586 2393 Nondum
612 2338 686 2393 enim
709 2340 737 2393 in
757 2357 853 2408 quem·
874 2342 907 2392 16

102 2434 189 2487 quam
215 2418 328 2473 illorum
352 2422 485 2486 venerat,
511 2418 562 2473 sed
580 2420 722 2488 baptizati
740 2423 853 2473 tantum

102 2501 187 2553 erant
206 2498 236 2552 in
254 2499 368 2553 nomine
387 2499 501 2554 Domini
520 2500 593 2555 Iesu.
629 2500 710 2555 Tunc
728 2500 854 2570 impone·
875 2504 1013 2556 171raa.

101 2579 175 2633 bant
193 2596 296 2633 manus
316 2596 403 2650 super
421 2580 498 2649 illos,
518 2586 547 2635 et
567 2581 748 2650 accipiebant
767 2580 854 2649 Spiri-

68 2661 168 2713 2ttum
198 2663 339 2714 sanctum.
384 2659 454 2714 Cum
483 2661 605 2716 vidisset
633 2666 728 2717 autem
757 2661 854 2716 Simon
875 2665 908 2715 18

103 2740 172 2809 quia
204 2756 257 2809 per
283 2741 495 2810 impositionem
522 2759 625 2796 manus
653 2744 853 2813 Apostolorum

103 2820 223 2887 daretur
237 2820 363 2890 Spiritus
378 2826 505 2890 sanctuS,
520 2823 624 2878 obtulit
639 2824 680 2877 eis
694 2824 854 2893 pecuniam,

159 3024 172 3060 7
186 3018 301 3062 exiebant
381 3022 432 3069 a>
449 3030 531 3072 magn.
547 3019 620 3072 gaud.

159 3087 184 3123 11
201 3080 258 3135 w
272 3081 376 3133 magicis
458 3088 483 3125 12
497 3082 522 3125 in
537 3085 544 3132 ]
560 3083 575 3133 †
591 3084 616 3125 et
640 3084 645 3134 Ι
670 3082 792 3137 †baptiz.

160 3149 184 3185 14
198 3143 255 3197 quia
268 3144 361 3197 recepit
385 3146 389 3197 Ι
414 3144 470 3187 illos

468 3224 507 3268 321
809 3232 834 3269 21
