2275 3434
273 168 392 227 norvs
415 168 698 227 mosrotonvu.
742 170 903 239 aum-29.

95 330 199 385 conari
225 330 254 384 in
273 334 404 398 ventum,
422 331 499 386 'data
524 348 598 387 nave
622 332 753 398 flatibusr‚
778 330 851 385 fere·

94 411 211 465 bamur.
255 411 287 464 In
312 410 434 465 insulam
461 416 556 467 autem
582 411 727 481 quandam
753 411 851 465 deour-
871 414 904 464 16

95 494 213 558 renteS,
242 508 315 561 quae
343 495 463 547 vocatur
489 492 603 558 Gauda,
631 492 777 561 potuimus
802 492 851 545 vix

97 572 231 626 obtinere
260 572 405 640 scapham,
452 572 516 641 Qua
543 574 673 639 sublata,
701 571 851 626 adiutoriis
871 574 904 624 17

97 652 273 719 utebantur,
300 652 482 721 accingentes
508 669 627 719 navem,
652 653 788 708 timentes
815 668 851 705 ne

89 732 127 785 ·in
142 731 252 800 Syrtim
271 732 438 799 inciderent,
458 732 610 787 summisso
629 748 699 786 vase
718 732 760 786 sie
779 731 851 785 l'ere·

98 812 215 866 bantur.
231 811 331 867 Valida
342 816 438 867 autem
447 812 530 866 nobis
541 814 716 881 tempestate
726 811 850 878 iactatis
871 814 905 864 18

100 892 234 961 sequenti
260 891 305 946 die
332 892 438 946 iactum
464 892 609 947 fecerunt:
638 895 668 946 et
692 891 779 946 tertia
805 891 850 945 die
871 895 904 945 19
913 908 954 942 nn
966 912 1001 952 aa.

101 972 159 1025 suis
189 972 323 1026 manibus
350 976 527 1027 armamenta
553 973 636 1025 navis
661 972 850 1042 proiecerunt.

102 1050 200 1121 Neque
221 1056 317 1106 autem
332 1052 400 1119 sole,
418 1068 512 1121 neque
527 1052 670 1106 sideribus
688 1051 851 1120 apparenti·
869 1055 904 1105 20

101 1132 153 1187 hus
173 1133 335 1201 perplures
350 1132 420 1199 dise,
440 1135 469 1187 et
483 1135 657 1201 tempestate
672 1148 729 1185 non
745 1132 851 1200 exigua

93 1212 275 1278 imminente,
295 1212 351 1267 iam
371 1213 469 1267 ablata
483 1216 545 1267 erat
559 1229 630 1281 spes
641 1212 733 1268 omnis
748 1211 850 1266 salutis

99 1297 226 1347 nostrae.
256 1292 293 1348 Et
312 1310 375 1347 oum
394 1293 485 1349 multa
499 1293 635 1347 ieiunatio
649 1292 762 1359 fuisset,
781 1295 850 1347 tuno
869 1297 942 1347 2111.

100 1378 182 1428 stans
201 1373 309 1427 Paulus
328 1374 357 1427 in
375 1373 468 1428 medio
488 1390 599 1441 eorum,
619 1372 705 1428 dixit:
730 1372 850 1441 Oporte-

99 1454 150 1508 bat
170 1453 300 1523 quidem,
320 1470 336 1507 o
356 1454 424 1521 viri,
444 1453 541 1509 audito
561 1470 620 1520 me,
639 1471 697 1508 non
714 1453 814 1507 tollere
833 1470 851 1506 a

100 1533 202 1601 Creta,
217 1534 344 1603 lucrique
363 1534 458 1589 faeere
477 1534 609 1589 iniuriam
634 1534 721 1601 hanc,
746 1536 774 1587 et
793 1533 849 1586 iae·

101 1618 204 1667 turam.
248 1613 285 1668 Et
309 1630 385 1668 nuno
410 1614 518 1669 suadeo
543 1614 626 1668 vobis
649 1613 725 1669 bono
754 1613 849 1667 animo
868 1618 903 1669 22

101 1711 173 1749 esse.
215 1694 331 1748 amissio
358 1694 433 1749 enim
459 1694 564 1749 nullius
593 1694 705 1749 animae
733 1693 786 1748 erit
814 1709 850 1746 ex

101 1774 192 1842 vobis,
212 1775 413 1843 praeterquam
432 1775 522 1829 navis
559 1774 661 1829 Astitit
686 1774 761 1827 enim
780 1772 849 1827 mihi
868 1777 902 1827 23

101 1856 154 1909 hao
172 1859 258 1909 nocte
272 1854 398 1923 Angelus
413 1854 474 1922 Dei,
495 1855 576 1908 euius
595 1870 659 1907 sum
673 1870 736 1921 ego,
755 1857 784 1907 et
803 1853 849 1906 eui
895 1856 898 1862 ”

105 1934 241 2001 deservio,
254 1935 258 1973 ¹
270 1934 381 1989 dicens:
401 1934 443 1988 Ne
457 1935 561 1988 timeas
575 1934 672 2001 Paule,
688 1932 805 1987 Caesari
819 1935 849 1987 te
868 1937 903 1986 24
913 1955 963 1994 aaa
976 1954 1034 1993 ean.

109 2018 215 2083 oportet
235 2014 385 2069 assistere:
412 2016 441 2068 et
465 2030 532 2068 ecoe
558 2013 676 2068 donavit
697 2012 751 2067 tibi
769 2012 849 2065 Deus

109 2110 216 2161 omme,
243 2094 291 2163 qui
316 2094 454 2163 navigant
478 2097 583 2148 tecum.
625 2094 747 2161 Propter
772 2091 850 2161 quod
868 2095 902 2147 25

105 2174 174 2229 bono
196 2174 290 2229 animo
308 2178 401 2229 estote
415 2174 483 2229 viri:
503 2172 588 2228 credo
603 2173 678 2227 enim
693 2173 762 2238 Deo,
782 2172 850 2240 quia

103 2256 143 2309 sio
161 2255 229 2323 erit,
254 2254 493 2323 quemadmodum
513 2253 621 2308 dietum
641 2257 686 2307 est
704 2252 780 2307 milri.
817 2252 849 2305 ln
868 2257 903 2307 26
913 2274 961 2315 mr.

103 2336 224 2389 insulam
241 2339 337 2389 autem
352 2334 496 2404 quandam
512 2337 626 2402 oportet
639 2350 693 2388 nos
707 2332 848 2387 devenire.

56 2402 358 2505 1ἐξ.)8111111011221111121111
375 2414 592 2484 quartadecima
604 2431 662 2469 nox
676 2412 850 2482 supervenit,
869 2418 902 2468 27

102 2496 307 2565 navigantibus
339 2496 422 2550 nobis
449 2494 478 2549 in
505 2494 593 2549 Adria
620 2494 697 2548 cirea
726 2492 851 2547 mediam

102 2580 231 2643 noctem,
258 2576 480 2643 suspicabantur
506 2579 613 2630 nautae
636 2590 775 2643 apparere
794 2573 850 2628 sihi

104 2656 228 2725 aliquam
247 2655 400 2724 regionem.
428 2655 483 2725 Qui
503 2659 532 2709 et
548 2655 761 2714 summittentes
780 2654 851 2710 boli·
869 2658 904 2708 28

104 2735 175 2803 dem,
183 2736 353 2790 invenerunt
362 2752 467 2805 passus
475 2735 589 2805 viginti:
601 2739 631 2789 et
639 2735 775 2805 pusillum
785 2733 850 2788 inde

104 2817 238 2885 separati,
249 2816 418 2870 invenerunt
430 2832 534 2883 passus
549 2814 719 2885 quindecim.
738 2814 850 2869 Timen-
868 2818 903 2868 29

156 3018 182 3054 1⁶
197 3032 220 3044 -
235 3011 263 3055 ln
344 3018 371 3054 16
384 3010 465 3055 valide

156 3080 182 3117 20
198 3078 220 3125 >
237 3074 289 3117 sole
304 3076 384 3117 autem
464 3080 490 3117 27
503 3073 590 3117 hadria

156 3143 182 3180 28
198 3159 220 3169 -
237 3138 262 3180 et
277 3137 302 3179 1⁰
328 3138 331 3190 Ι
358 3136 502 3180 -bolidem

463 3216 504 3261 385
