2275 3434
308 119 507 205 sncvnovn
534 123 667 178 crinin.
764 127 904 193 oar-m.

86 282 155 351 ipsi
187 287 353 351 tacuerunt,
387 288 416 339 et
443 285 549 340 nemini
579 285 711 340 dixerunt
740 286 768 340 in
797 287 851 341 illis

87 362 207 418 diebus
224 363 380 438 quidquam
400 383 435 420 ex
453 365 507 433 his,
527 382 601 435 quae
621 365 760 421 viderant.

39 442 73 521 ‘ff’
172 443 294 502 Factum
309 450 355 501 est
369 450 466 501 autern
478 447 507 500 in
520 446 652 516 sequenti
665 446 720 514 die,
735 446 852 502 descen·
872 453 906 503 37
939 451 1023 486 ⁸²·“2
1109 447 1110 460 ¹

88 523 239 580 dentibus
262 526 317 580 illis
344 525 380 581 de
405 530 516 593 monte,
542 527 666 582 occurrit
692 527 747 582 illis
766 527 853 582 turba
918 542 947 574 ue
959 543 1046 582 41444-
1109 535 1110 588 ζ

89 604 201 660 rnulta.
238 604 275 662 Et
293 623 360 662 ecce
379 607 423 662 vir
442 606 478 661 de
496 606 587 664 turba
602 606 787 675 exclamavit,
812 606 853 660 di·
872 613 906 686 38
1109 603 1110 618 *

90 703 168 740 cens
175 703 184 750 1ε
213 685 361 756 Magister,
385 687 504 741 obsecro
523 690 566 753 te,
586 687 697 756 respice
716 687 744 742 in
764 687 852 742 filium

90 784 198 822 meum
217 766 284 836 quia
302 768 404 822 unicus
424 771 469 821 est
487 767 571 820 mihi:
600 771 628 822 et
648 784 714 823 ecce
733 769 852 839 spiritus
872 773 906 823 39

93 846 294 917 apprehendit
313 864 390 914 eum,
414 850 444 901 et
463 846 559 902 subito
579 847 697 915 clamat,
717 851 746 903 et
765 847 853 915 elidit,

94 932 127 981 et
155 926 282 996 dissipat
306 944 371 982 eum
390 944 454 981 cum
473 944 589 996 spuma,
616 930 645 982 et
664 927 712 982 vix
731 928 853 983 discedit
886 925 905 940 ”

96 1006 247 1061 dilanians
272 1023 351 1061 eum:
389 1011 419 1062 et
442 1007 541 1076 rogavi
561 1007 717 1079 discipulos
737 1013 802 1064 tuos
821 1015 852 1062 ut
871 1013 907 1064 40

96 1087 241 1142 eiicereut
255 1087 342 1155 illum,
358 1092 388 1142 et
401 1104 458 1141 non
472 1090 636 1158 potuerunt.
665 1087 852 1158 Respondens
871 1093 904 1144 41

97 1171 200 1222 autem
219 1167 314 1235 IesuS,
342 1167 428 1223 dixit:
456 1166 479 1222 0
498 1169 646 1238 generatio
666 1168 802 1236 infidelis,
823 1171 856 1223 et¹

96 1265 253 1318 perversa,
278 1265 426 1319 usquequo
452 1265 500 1304 em
520 1248 598 1318 apud
615 1267 682 1313 vos,
710 1252 739 1304 et
757 1249 852 1319 patiar
883 1245 886 1256 '

97 1332 174 1385 vos?
211 1329 312 1384 Addnc
338 1327 393 1384 huc
418 1329 506 1384 filium
531 1333 622 1384 tuum.
643 1330 648 1368 ¹
667 1328 703 1384 Et
722 1347 786 1384 omn
806 1347 851 1385 ac·
870 1335 904 1406 42
916 1354 962 1394 aa.

99 1411 225 1477 cederet,
245 1411 321 1466 elisit
339 1410 417 1465 illum
437 1409 627 1478 daemonium,
646 1413 676 1465 et
691 1409 849 1481 dissipavit.
882 1407 886 1416 '

99 1492 137 1546 ut
163 1491 323 1561 increpavit
340 1491 421 1546 lesus
447 1490 579 1560 spiritum
605 1490 797 1558 immundum,
822 1495 851 1545 et

101 1572 218 1628 sanavit
236 1589 371 1642 puerum,
397 1575 426 1626 et
444 1570 569 1626 reddidit
588 1571 666 1626 illum
684 1571 761 1641 patri
781 1572 850 1626 eius.
1109 1625 1110 1638 ,

65 1644 92 1720 ¹³?
175 1653 338 1723 Stupebant
363 1655 460 1708 autem
484 1668 583 1706 omnes
607 1651 636 1722 in
655 1651 851 1721 magnitudine
870 1649 952 1706 4321>
964 1675 1009 1714 aa.
1109 1697 1110 1718 ,

67 1735 170 1809 ¹23Dei:
204 1733 218 1762 *
232 1734 422 1803 onmibusqne
453 1730 624 1788 mirantibus
654 1732 683 1786 in
711 1731 851 1798 omnibus
882 1729 886 1738 '

76 1812 83 1820 ”
104 1831 178 1883 quae
192 1813 327 1881 faciebat,
337 1813 409 1868 dixit
418 1812 455 1867 ad
468 1812 625 1882 discipulos
640 1829 720 1868 suos:
733 1813 738 1851 ¹
750 1812 851 1868 Ponite
870 1816 905 1865 44
917 1835 944 1866 n.

105 1911 157 1948 vos
174 1894 204 1949 in
221 1886 355 1949 cordibus
374 1893 479 1948 vestris
496 1909 644 1949 sermones
659 1893 743 1947 istos:
764 1891 851 1946 Filius
917 1879 966 1918 ¹³⁰⁰³
979 1879 1037 1920 ²²¹⁸·
1109 1891 1110 1940 i

108 1974 181 2030 euim
211 1974 333 2030 hominis
366 1974 494 2029 futurum
526 1977 572 2028 est
602 1976 634 2027 ut
663 1971 795 2028 tradatur
822 1972 851 2026 in
880 1969 884 1978 ’

108 2071 207 2110 manus
230 2055 384 2110 hominmn.
420 2055 459 2108 At
484 2053 524 2108 illi
542 2053 715 2122 ignorabant
734 2053 852 2108 verbum
870 2057 905 2107 45
919 2075 974 2114 aa.
986 2075 1045 2114 aaa.
1109 2077 1110 2092 2

108 2135 195 2204 istud,
221 2140 250 2191 et
273 2139 335 2190 erat
357 2135 483 2189 velatum
507 2137 575 2188 ante
594 2149 643 2188 eos
663 2137 770 2188 utnon
789 2149 852 2188 sen·
881 2133 882 2138 ’
917 2117 1005 2159 ³¹⁰⁹&

108 2217 191 2272 tirent
214 2216 297 2272 illud:
324 2219 353 2270 et
376 2215 518 2269 timebant
537 2230 602 2268 eum
621 2214 797 2283 interrogare
817 2213 852 2267 de
938 2241 1026 2278 Μ,
1109 2257 1110 2280 3

75 2297 160 2376 ¹¹}hoc
193 2297 289 2352 verbo.
371 2295 495 2350 intravit
525 2297 622 2363 autem
654 2293 791 2364 cogitatio
823 2293 852 2348 in
871 2287 1046 2374 tdffi‘cssffffig

111 2395 172 2446 ece,
207 2379 271 2448 quis
308 2394 406 2433 eorum
442 2376 533 2431 maior
567 2379 652 2430 esset.
704 2375 741 2430 At
772 2375 852 2429 Iesus
871 2378 905 2428 47
916 2398 952 2437 aa.
967 2395 995 2430 m
1006 2397 1042 2437 ar.
1109 2439 1110 2444 ἵ

111 2459 205 2514 videns
238 2457 430 2528 cogitationes
465 2456 559 2511 cordis
592 2455 714 2524 illorum,
752 2473 852 2526 appre-
878 2452 882 2464 '

112 2539 205 2594 hendit
221 2555 355 2608 puerum,
375 2541 404 2592 et
423 2537 527 2592 statuit
545 2537 623 2605 illum
643 2553 726 2592 secus
746 2552 790 2604 se,
806 2537 852 2590 'et
872 2539 906 2589 48
918 2557 945 2590 m
956 2558 1014 2598 ono.

163 2825 186 2860 37
200 2827 250 2861 occ.
265 2815 303 2860 illi

163 2896 186 2931 39
199 2899 253 2932 eum
267 2888 293 2934 1⁰
306 2892 315 2938 ]
329 2887 398 2932 illum

164 2964 221 3002 4443
235 2957 269 3012 (G
281 2964 323 3002 ine.
336 2975 355 3002 v.
364 2965 391 3002 43
404 2959 436 3002 nt
449 2958 519 3012 inor,
533 2973 552 2999 v.
562 2963 588 3000 44
603 2957 747 3012 Stupebant)

165 3037 187 3073 45
201 3034 223 3081 >
238 3029 357 3085 interrog.
372 3040 427 3074 enm

165 3108 188 3145 41
201 3101 383 3156 adprehendens
397 3112 497 3156 puerum
512 3101 601 3144 statuit
614 3111 669 3144 eum

470 3180 510 3224 175

919 497 945 530 m
957 498 1055 538 intr-aa.
1109 481 1110 524 ξ
