2275 3434
326 166 376 222 AD
400 167 605 223 HEBRAEOS.
661 194 663 202 ι
728 169 880 234 ¹9,8-—19.

79 327 138 382 fert
156 344 207 397 pro
227 345 289 394 sua,
309 330 339 382 et
356 328 455 397 populi
472 327 649 397 ignorantia:
669 329 723 384 hoc
743 329 829 398 signi·
847 331 864 382 8
893 349 950 389 roso.

78 409 185 462 ficante
213 407 322 478 Spiritu
349 411 467 477 sancto,
494 409 621 463 nondum
648 410 829 480 propalatam

78 504 145 543 esse
164 491 328 543 sanctorum
347 489 439 556 viam,
465 489 559 544 adhuc
584 489 677 558 priore
696 490 829 544 taberna·

78 569 143 624 culo
162 569 287 624 habente
305 571 423 624 statum.
454 586 528 638 quae
542 571 681 638 parabola
696 573 741 626 est
759 575 829 625 tem·
848 573 864 623 9
893 591 958 630 ons.

77 648 158 719 poris
171 648 323 704 instantis:
338 649 420 704 iuxta
433 666 519 718 quam
533 666 661 718 munera,
674 653 703 705 et
717 651 829 706 hostiae

78 729 256 796 offeruntur,
275 746 349 799 quae
367 746 424 784 non
442 732 566 799 possunt
584 729 666 786 iuxta
684 731 829 786 conscien-

79 809 329 878 tiam-perfectum
343 810 438 864 facere
453 810 634 878 servientem,
653 811 829 867 solummodo
850 813 884 864 10
894 831 922 863 cv
934 833 980 871 nn.

78 890 109 944 in
122 890 204 957 cibis
219 890 291 945 etin
306 890 431 960 potibus,
449 893 479 945 et
492 891 581 944 variis
595 891 829 961 baptismatibus
892 877 922 954 {ii
934 878 992 962 iiii:

79 975 109 1026 et
128 970 246 1026 iustitiis
265 971 359 1025 carnis
378 987 470 1040 usque
489 971 526 1026 ad
545 976 659 1042 tempus
679 972 829 1029 correctio-

17 1060 32 1107 n
42 1057 72 1100 64
80 1051 124 1105 nis
143 1051 295 1121 impositio.
333 1051 465 1106 Christus
484 1056 581 1108 autem
601 1053 741 1116 assistens
760 1071 829 1124 pon·
850 1053 882 1106 11
893 1075 940 1115 sao.
953 1075 998 1115 mr.

81 1131 153 1186 tifex
172 1131 333 1186 futurorum
351 1132 499 1200 bonorum,
518 1149 570 1202 per
586 1133 709 1202 amplius
724 1137 753 1189 et
767 1151 829 1203 per·

80 1212 185 1266 sectius
199 1212 416 1267 tabernaculum
433 1230 491 1268 non
505 1212 712 1283 manufactum,
732 1214 761 1268 id
776 1218 829 1282 est,

41 1299 70 1343 65
80 1309 137 1347 non
162 1292 247 1346 huius
273 1293 440 1347 creationis:
467 1309 560 1363 neque
585 1310 637 1363 per
661 1295 883 1364 sanguinem12

79 1373 238 1440 hircorum,
258 1376 309 1427 aut
331 1373 499 1440 vitulorum,
528 1372 580 1428 sed
608 1391 661 1444 per
684 1375 830 1444 proprium

79 1453 250 1521 sanguinem
267 1452 396 1508 introivit
414 1455 503 1508 semel
520 1453 551 1508 in
569 1453 693 1522 Sancta,
713 1459 830 1510 aeterna
863 1455 867 1465 “
1121 1517 1122 1526 ¹

78 1533 276 1602 redemptione
299 1533 426 1589 inventa.
470 1533 501 1589 Si
527 1535 603 1588 enim
628 1536 747 1604 sanguis
775 1537 830 1598 hir·
850 1537 883 1588 13
894 1555 922 1587 nv
935 1555 1041 1596 spots.
1121 1535 1122 1606 ᾗ

79 1631 187 1680 corum,
206 1617 236 1668 et
253 1617 409 1681 taurorum,
428 1617 458 1669 et
477 1614 549 1669 cinis
567 1615 674 1670 vitulae
694 1633 830 1686 aspersus
893 1599 923 1632 m
936 1601 1012 1638 ’Μ
1121 1609 1122 1626 i

79 1694 246 1764 inquinatos
265 1694 427 1750 sanctificat
453 1694 490 1749 ad
513 1694 745 1751 emundationem
770 1714 834 1751 car·¹

79 1776 139 1829 nis:
167 1778 275 1844 quanto
301 1775 394 1844 magis
419 1774 538 1844 sanguis
557 1773 679 1842 Christi,
705 1777 754 1845 qui
779 1795 830 1846 per
850 1778 1018 1835 itinerans.

81 1855 219 1926 Spiritum
233 1859 364 1910 sanctum
380 1854 567 1924 semetipsum
582 1855 685 1910 obtulit
696 1855 832 1911 immacu·
894 1838 1052 1926 ii<¹'f5'‚4‘i¹,'i}ij

82 1936 171 1990 iatum
180 1935 251 2001 Deo,
261 1934 429 1990 emundabit
439 1934 644 1989 conscientiam
654 1940 781 1990 nostram
793 1937 829 1990 ab

85 2015 215 2084 operibus
229 2015 359 2083 mortuis,
378 2014 416 2069 ad
430 2014 611 2069 serviendum
625 2015 687 2070 Deo
702 2014 829 2081 viventi?
1121 2065 1122 2090 p

47 2101 76 2144 66
84 2093 117 2150 Et
125 2095 192 2150 ideo
201 2096 268 2151 novi
282 2095 449 2151 testamenti
463 2095 604 2150 mediator
617 2099 677 2150 est:
692 2099 725 2150 ut
739 2100 830 2152 morte
850 2097 883 2149 15
895 2119 952 2159 mn.
970 2120 976 2149 ι
990 2118 1005 2150 r
1017 2119 1052 2158 rs.
1121 2101 1122 2162 ζ

81 2175 285 2244 intercedente,
299 2177 328 2231 in
338 2175 564 2245 redemptionem
579 2192 677 2230 earum
687 2177 832 2245 praevari-
1121 2183 1122 2188 ’

81 2258 243 2324 cationum,
261 2272 335 2327 quoe
354 2260 437 2311 erant
461 2256 515 2311 sub
541 2256 629 2326 priori
647 2259 830 2323 testamento,

80 2338 331 2408 repromissionem
341 2336 485 2407 accipiant
494 2337 543 2406 qui
553 2337 649 2393 vocati
663 2340 731 2391 sunt
741 2339 832 2392 aeter-

18 2426 32 2475 h
43 2427 70 2472 61
80 2436 135 2474 nae
154 2416 333 2473 hereditatis.
370 2417 426 2472 Ubi
451 2417 526 2472 enim
545 2420 751 2473 testamentum
771 2421 830 2473 est:
852 2419 884 2470 16

78 2517 158 2554 mors
177 2515 295 2554 necesse
312 2502 358 2553 est
372 2497 531 2552 intercedat
544 2497 702 2553 testatoris
731 2498 831 2554 Testa·
852 2499 884 2550 17

78 2583 209 2635 mentum
237 2578 312 2633 enim
339 2579 369 2632 in
400 2578 525 2633 mortuis·
549 2579 747 2633 confirmatum
772 2581 830 2634 est:

79 2660 207 2730 alioquin
222 2659 347 2714 nondum
361 2659 447 2726 valet,
469 2659 536 2713 dum
551 2659 623 2714 vivit
643 2659 692 2729 qui
705 2662 831 2714 testatus

79 2745 133 2796 est
185 2739 267 2795 Unde
280 2755 335 2794 nec
348 2739 471 2809 primurn
486 2739 601 2809 quidem
615 2739 677 2795 sine
691 2739 835 2810 sanguine,
851 2741 885 2792 18

43 2821 246 2876 fisdedicatum
274 2824 328 2874 est.
371 2820 459 2874 Lecto
487 2821 563 2874 enim
591 2821 668 2875 omni
695 2819 830 2875 mandato
851 2821 884 2873 19
894 2840 923 2916 ἒξ
934 2840 1011 2924 Ἄκη.

134 2930 187 2971 ret
200 2939 243 2981 pro
257 2929 349 2981 popF
373 2926 558 2978 atservitutem)
587 2933 612 2968 10
626 2928 651 2970 et
660 2927 685 2970 in
694 2927 831 2981 renatare
894 2929 923 2962 uu
936 2930 985 2970 1⁰1⁶<

79 2988 122 3025 ruo.
131 2998 151 3024 v.
162 2981 195 3030 o)
212 2984 216 3032 Ι
235 2980 365 3034 baptismis
383 2980 387 3032 Ι
406 2983 440 3029 (-
451 2991 505 3032 usq.
520 2980 552 3022 ad
565 2980 584 3023 t.
600 2981 631 3032 c.)
659 2987 682 3023 11
698 2983 830 3031 (-autcmt

80 3043 107 3078 12
117 3033 325 3088 aut]ett>inv.
336 3034 386 3078 red.
397 3033 433 3076 Al
463 3040 489 3076 14
502 3034 537 3082 t·
547 3034 598 3086 per)
617 3034 621 3086 Ι
640 3033 780 3077 emundavit
789 3033 831 3086 &A

80 3089 112 3132 Et
123 3087 251 3132 mundavit
258 3090 283 3128 F
292 3090 297 3135 1
307 3088 415 3130 vestram
427 3089 430 3137 Ι
441 3085 530 3129 orienti
537 3086 575 3126 F¹
587 3087 590 3138 Ι
600 3092 632 3138 fin
643 3118 648 3128 .
659 3085 725 3139 ΜΛ
748 3086 831 3139 151111-

81 3153 124 3186 ore
135 3143 140 3196 Ι
152 3141 290 3202 accipiotF
308 3144 410 3184 rs-est
418 3141 443 3182 1⁰
451 3139 562 3193 ΜΔΕ
581 3146 606 3182 17
615 3139 707 3182 -enim
713 3140 746 3180 ,41
764 3147 791 3182 18
800 3151 831 3183 ne

443 3218 484 3264 561
785 3225 811 3262 so
