2275 3434
245 163 387 229 ulo-29.
434 161 634 218 SECVNDVM
657 161 895 217 MATTHAEVM.

299 325 408 379 caelum
434 326 463 378 et
489 326 580 391 terra,
606 323 666 378 iota
683 312 784 387 unum,
811 325 863 376 aut
879 338 955 376 unus
973 339 1049 392 apex

298 421 355 458 non
383 403 551 473 praeteribit
579 420 597 456 a
623 404 698 470 lege,
727 401 818 456 donec
846 402 941 456 omnia
967 402 1048 457 fient.

151 496 235 538 teum·
246 489 280 540 19
299 484 354 554 Qui
373 500 440 552 ergo
459 482 577 538 solverit
594 500 682 537 unum
701 482 736 537 de
754 481 901 537 mandatis
917 481 982 536 istis
996 476 1077 554 uri-3²3

142 543 177 576 ¹⁸
189 543 235 583 ’Μ’
299 564 396 631 nimie,
422 567 451 618 et
470 563 599 617 docuerit
618 563 660 617 sic
679 563 821 628 homines,
847 562 981 616 minimus
1000 579 1048 617 vo-

299 645 411 699 cabitur
430 644 458 698 in
476 660 564 713 regno
584 644 738 697 caelorum:
763 643 813 712 qui
831 645 928 697 autem
947 643 1047 698 feccrit

300 728 328 779 et
354 725 496 788 docuerit,
520 724 567 777 hic
591 741 713 793 magnus
738 723 888 778 vocabitur
912 723 941 777 in
959 740 1048 791 regno

245 812 281 861 20
300 805 450 859 caelorum.
478 804 549 858 Dico
569 804 645 858 enim
659 804 750 871 vobis
769 804 837 873 quia
851 804 906 857 nisi
921 803 1049 858 abunda-

299 886 372 940 verit
404 885 514 939 iustitia
542 887 641 938 vestra
668 885 733 953 plus
761 886 847 952 quam
876 883 1048 950 Scribarum,

133 1015 235 1047 hm,
300 970 329 1020 et
354 963 588 1031 Pharisaeorum,
615 981 672 1018 non
700 963 845 1018 intrabitis
872 965 902 1018 in
929 981 1048 1032 regnum

155 1035 214 1100 ²¹·1’2·
231 1038 279 1102 '21
300 1047 449 1100 coelorum.
502 1044 632 1098 Audistis
647 1044 714 1113 quia
728 1043 835 1098 dictum
850 1044 1047 1113 estantiquis:

136 1104 236 1189 ‘britii
300 1126 362 1180 Non
389 1124 514 1180 occides:
541 1125 590 1193 qui
613 1129 710 1179 autem
734 1124 883 1191 occiderit,
909 1141 976 1178 reus
995 1125 1048 1178 erit

145 1206 412 1262 1Jr‚1⁶.22iudioi0.
449 1206 509 1274 Ego
535 1210 631 1260 autem
657 1204 720 1258 (lico
739 1205 835 1258 vobis:
862 1205 930 1273 quia
948 1205 1047 1263 omnis.

300 1286 348 1356 qui
367 1287 499 1340 irascitur
518 1285 600 1340 fratri
618 1302 679 1351 suo,
694 1301 759 1339 reus
778 1284 832 1339 erit
850 1284 961 1340 iudicio.
994 1284 1047 1354 Qui

301 1369 396 1421 autem
416 1365 518 1421 dixerit
537 1365 619 1420 fratri
639 1383 704 1432 suo,
723 1382 805 1419 raca:
827 1381 892 1419 reus
911 1365 965 1419 erit
983 1382 1049 1419 con·

301 1446 371 1501 cilio.
417 1446 471 1515 Qui
499 1450 597 1500 autem
624 1445 741 1511 dixerit,
775 1445 869 1500 fatue:
901 1462 968 1499 reus
995 1445 1049 1499 erit

137 1531 282 1584 t1c11ca23
300 1527 447 1596 gehennae
472 1526 556 1594 ignis.
595 1525 626 1580 Si
650 1543 717 1594 ergo
740 1524 827 1579 offers
845 1541 949 1579 munus
967 1531 1048 1580 tuum

301 1607 337 1662 ad
358 1608 455 1673 altare,
475 1612 504 1662 et
522 1607 561 1660 ibi
580 1606 747 1662 recordatus
766 1607 854 1661 fueris
873 1606 942 1676 quia
960 1605 1050 1660 frater

247 1691 283 1742 24
301 1692 368 1743 tuus
392 1688 479 1741 habet
499 1687 606 1755 aliquid
626 1687 777 1742 adversum
796 1691 838 1742 te:
864 1687 991 1755 relinque
1009 1686 1048 1740 ibi

301 1785 402 1823 munus
421 1771 502 1822 tuum
522 1771 589 1822 ante
608 1768 707 1835 altare,
725 1772 755 1822 et
768 1767 843 1822 vade
859 1767 938 1836 prius
953 1782 1050 1820 recon-

302 1849 391 1903 ciliari
406 1848 486 1903 fratri
500 1852 563 1904 tuo:
579 1851 608 1902 et
622 1853 691 1902 tuno
701 1848 818 1902 veniens
831 1848 934 1903 offeres
946 1863 1049 1900 munus

86 1934 390 1985 0114·1⁵;1aa.25tuum.
427 1929 497 1984 Esto
523 1929 705 1983 consentiens
731 1928 893 1982 adversario
918 1931 969 1981 tuo
993 1917 1078 1996 cito}

122 1989 139 2021 L
152 1990 239 2077 iiii:
302 2009 369 2064 dum
395 2027 425 2064 es
451 2010 480 2064 in
506 2010 553 2064 via
579 2026 643 2063 cum
668 2025 717 2063 eo:
743 2025 779 2062 ne
805 2008 880 2063 forte
905 2006 1003 2061 tradat
1020 2009 1050 2060 te

302 2090 482 2146 adversarius
498 2090 591 2157 iudici,
611 2094 640 2145 et
653 2089 739 2144 iudex
753 2089 850 2144 tradat
863 2093 893 2143 te
906 2087 1050 2141 ministro:

249 2176 283 2226 26
303 2175 331 2226 et
350 2171 379 2225 in
398 2188 541 2226 carcerem
560 2169 692 2225 mittaris.
721 2169 812 2223 Amen
831 2169 895 2223 dico
913 2167 975 2235 tibi,
994 2184 1051 2221 non

302 2252 380 2307 exies
396 2251 470 2319 inde,
487 2251 577 2306 donec
591 2250 695 2305 reddas
709 2249 896 2303 novissimum
910 2248 1052 2316 quadran-

139 2338 283 2389 E120,14.27
302 2336 368 2387 tem.
423 2331 552 2386 Audistis
567 2330 635 2400 quia
649 2330 757 2384 dictum
772 2327 969 2396 estantiquis:
988 2327 1080 2405 Non‘ff,

144 2419 284 2471 10b⁸1.1·28
302 2413 506 2467 moechaberis.
543 2411 604 2478 Ego
637 2413 733 2463 autem
764 2407 826 2462 dico
855 2407 951 2462 vobis:
984 2409 1053 2477 quia

147 2474 239 2514 Μ
304 2493 408 2556 omnis,
435 2493 483 2561 qui
506 2490 611 2544 viderit
629 2489 775 2542 mulierem
795 2488 832 2542 ad
850 2490 1054 2558 concupiscen-

304 2575 371 2628 dum
396 2589 472 2638 eam,
498 2571 556 2624 iam
581 2569 748 2624 moechatus
771 2572 815 2624 est
838 2585 901 2624 eam
919 2570 949 2623 in
967 2569 1052 2624 corde

250 2662 284 2712 29
304 2671 364 2709 suc.
389 2651 471 2722 Quod
486 2651 510 2704 si
525 2651 623 2705 oculus
638 2654 705 2704 tuus
716 2649 816 2705 dexter
825 2650 1002 2705 scandalizat
1014 2654 1052 2715 te,

359 2927 385 2964 22
399 2920 475 2964 racha

360 2999 386 3036 23
401 2992 487 3038 offeres

359 3071 385 3110 24
398 3065 555 3110 reconciliare
578 3068 582 3120 Ι
607 3066 680 3110 offers

360 3146 387 3183 28
401 3138 514 3193 quoniam

658 3217 685 3260 10
