2275 3434
270 163 413 230 262-18.
465 160 665 217 SECVNDVM
687 155 924 214 MATTHAEVM.

155 290 263 377 »diti-2.
292 329 308 378 a
329 324 432 380 ¹scios
447 323 515 393 quia
529 326 596 392 post
609 321 728 376 biduum
743 319 857 374 Pascha
870 318 929 382 oet,
945 323 976 373 a
993 317 1084 373 Filio»
1101 395 1107 398 η

160 381 263 475 ,ιζ’ἆῗῖζζ
292 404 449 459 dhominis
469 402 600 458 tradetur
617 405 651 456 ut
671 400 861 470 cnicifigatur.
912 398 998 452 Tunc
1019 398 1104 465 con-fi

327 484 438 554 gregati
454 487 522 537 sunt
536 482 680 552 principes
695 479 886 544 sacerdotum,
905 481 935 533 et
950 480 1085 534 seniores

327 564 424 634 populi
453 562 481 616 in
508 561 613 616 atrium
638 560 775 630 principis
802 557 1007 626 sacerdotum,
1038 561 1085 628 qui

291 649 309 698 4
328 643 478 698 dicebatur
497 641 636 711 Caiphae:
675 644 704 695 et
728 639 876 694 eonsilium
896 637 1036 694 feceruut
1055 646 1084 692 ut

292 724 421 779 blesum
441 721 504 777 dolo
521 724 661 786 tenerent,
681 725 711 774 et
727 718 898 774 occiderent.
935 718 1086 774 Dicebant

328 808 439 859 autern:
466 802 528 858 Non
554 803 584 856 in
604 800 649 855 die
674 801 763 868 sesto,
788 816 825 854 ne
844 800 919 853 forte
938 802 1087 856 tumultus

175 906 241 940 ais:
328 885 410 939 fieret
427 884 456 938 in
476 884 591 953 populo.

145 953 264 1038 Ἢέὲῖῑξζ
293 971 309 1020 6
400 964 472 1019 Cum
498 969 596 1019 autern
619 964 699 1017 Iesus
725 966 804 1017 esset
829 962 858 1015 in
882 959 1033 1014 Bethania
1059 962 1101 1014 in

163 1041 177 1075 ³
189 1042 264 1084 ΜΒ·
293 1045 413 1100 7ἀοωο
428 1045 552 1100 Simonis
567 1044 681 1112 leprosi,
709 1041 832 1116 accessit
847 1039 964 1095 adeum
979 1042 1087 1095 mulier

329 1126 439 1181 hahens
459 1125 637 1180 alabastrum
655 1122 794 1191 unguenti
812 1120 941 1190 pretiosi,
964 1124 996 1174 et
1011 1123 1085 1175 effu-

294 1211 311 1259 8
329 1207 372 1262 dit
391 1222 478 1274 super
497 1208 585 1273 caput
601 1204 691 1273 ipsius
707 1201 908 1256 recumbentia.
940 1199 1083 1256 Videntes

331 1291 427 1342 autern
450 1285 596 1354 discipuli,
622 1283 762 1351 indignati
782 1287 850 1335 sunt
868 1280 1016 1335 dicentes:
1050 1283 1079 1336 u

294 1371 310 1420 9
330 1367 398 1436 quid
412 1365 534 1435 perditio
550 1365 638 1418 haec?
661 1363 757 1432 potuit
771 1362 846 1416 enirn
860 1358 939 1415 istud
953 1375 1083 1414 vaenun-

192 1469 266 1510 c11,i.
278 1450 312 1501 10
330 1448 392 1502 deri
410 1446 509 1512 multo,
529 1449 558 1499 et
573 1444 635 1498 dari
648 1442 832 1512 pauperibus
866 1441 967 1495 Sciens
982 1445 1083 1495 autem

330 1529 425 1592 IesuS,
452 1525 492 1579 ait
517 1525 587 1579 illis:
614 1523 689 1593 Quid
711 1521 825 1576 molesti
844 1520 916 1575 estis
933 1518 1002 1573 huic
1021 1537 1085 1574 mu-

329 1607 411 1661 lieri?
438 1622 510 1674 opus
535 1605 611 1658 enim
636 1604 744 1657 bonurn
768 1604 888 1670 operata
914 1602 960 1653 est
976 1599 1008 1652 in
1026 1617 1085 1654 me.

170 1709 197 1743 m
209 1689 309 1751 canii
331 1703 397 1740 nam
421 1702 535 1754 semper
552 1699 695 1755 pauperes
714 1681 829 1736 habetis
847 1679 1011 1734 vobiscum:
1036 1698 1085 1733 me

279 1772 312 1821 12
332 1769 428 1820 autem
442 1782 499 1820 non
514 1781 628 1834 semper
641 1762 762 1817 habetis
791 1762 908 1816 Mittens
921 1758 998 1814 enim
1010 1760 1105 1830 haec*⁴

277 1863 279 1890 ÷
331 1849 508 1914 unguentum
526 1846 581 1898 hoc
599 1845 629 1898 in
644 1859 748 1912 corpus
762 1859 869 1896 meum:
890 1839 927 1894 ad
941 1839 1085 1908 sepelien-

280 1931 312 1981 13
332 1927 399 1980 dum
418 1943 463 1980 me
483 1925 559 1980 fecit.
596 1925 687 1978 Amen
706 1922 769 1977 dico
789 1921 885 1988 vobis,
908 1920 1085 1988 ubicumque

331 2006 530 2077 praedicatum
559 2005 646 2059 fuerit
673 2004 728 2058 hoc
756 2002 934 2070 evangelium
961 2000 991 2053 in
1020 2004 1085 2055 toto

332 2086 450 2154 mundo,
477 2086 588 2140 dicetur
606 2089 635 2140 et
653 2084 729 2154 quod
749 2083 821 2136 haec
841 2082 910 2136 fecit
927 2081 956 2135 in
976 2096 1086 2134 memo-

138 2144 267 2232 ia'ididii.
280 2173 314 2223 14
333 2168 404 2222 riam
432 2168 501 2221 eius.
557 2165 638 2221 Tunc
665 2164 737 2218 abiit
762 2179 837 2216 unus
862 2160 897 2215 de
923 2158 1113 2226 duodecimi*

165 2235 268 2277 ΜΗ·
333 2248 381 2317 qui
408 2248 556 2302 dicebatur
579 2245 664 2300 Iudas
683 2243 852 2309 iscariotes,
878 2236 915 2296 ad
937 2230 1107 2310 principes

184 2349 268 2392 anm
281 2332 314 2382 15
333 2327 530 2382 sacerdotum:
548 2327 552 2365 ¹
570 2330 599 2380 et
627 2326 668 2379 ait
695 2324 767 2377 illis:
796 2321 871 2392 Quid
899 2321 986 2375 vultis
1013 2321 1085 2374 mihi

160 2397 269 2437 ²⁰¹¹¹¹¹¹⁹'
334 2408 416 2474 dare,
449 2411 479 2462 et
511 2424 564 2476 ego
592 2406 675 2460 vobis
706 2421 771 2458 eum
799 2402 934 2458 tradam?
977 2400 1015 2455 At
1044 2402 1084 2454 ilii

58 2494 61 2499 ’
155 2515 164 2545 1
176 2513 191 2545 r
203 2513 270 2554 acio.
282 2495 314 2545 16
334 2488 544 2543 constituerunt
562 2487 588 2540 ei
601 2485 721 2554 triginta
735 2486 896 2554 argenteos
929 2481 966 2536 Et
980 2481 1085 2535 exinde

171 2599 247 2634 u-ie:
334 2569 492 2638 quaerebat
511 2566 757 2636 opportunitatem
775 2568 808 2618 ut
827 2580 892 2618 eum
911 2560 1047 2616 traderet.

129 2647 270 2734 M2L¹ssp²jjssj
282 2655 315 2705 17
404 2649 500 2702 Prima
527 2650 625 2701 autem
643 2646 689 2700 die
708 2646 879 2714 Azymorum
898 2648 1084 2696 accesserunt
1123 2640 1125 2659 '

130 2754 160 2787 a:
172 2755 270 2796 ran-20.
335 2729 465 2798 discipuli
485 2727 522 2783 ad
536 2728 639 2794 Iesum,
659 2726 800 2780 dicentes:
819 2724 875 2779 Ubi
889 2723 934 2776 vis
949 2737 1083 2791 paremus

223 2817 315 2876 21,e.18
334 2811 386 2865 tibi
406 2809 554 2865 comedere
571 2808 702 2862 Pascha?
739 2807 776 2861 At
791 2806 871 2859 Iesus
890 2802 975 2857 dixit:
994 2802 1035 2856 Ite
1053 2804 1081 2856 in

388 2971 447 3025 28,e
462 2969 578 3023 caiaphas
632 2975 645 3010 6
660 2972 682 3018 >
699 2968 766 3011 esset
779 2966 845 3009 iesus
908 2972 922 3006 7
935 2962 1038 3016 ungenti
1051 2974 1082 3007 erc

388 3023 518 3068 evenund.
628 3028 654 3063 10
669 3043 693 3053 -
708 3021 764 3064 huic
790 3022 793 3072 Ι
820 3018 923 3061 -euim

388 3084 413 3119 11
428 3078 449 3130 gt
463 3075 588 3118 hahebitis
601 3080 635 3117 bic
741 3080 767 3115 14
781 3071 889 3115 scarioth

389 3137 415 3172 ro
430 3131 510 3183 oport·
524 3137 554 3171 etc
636 3135 661 3169 17
675 3147 699 3159 -
715 3125 755 3168 die

689 3203 716 3247 72
