2275 3434
261 135 447 204 lter-tm.
471 137 671 192 SECVNDVM
692 136 927 192 MATTHAEVM.

315 300 343 351 et
371 299 461 352 multa
487 298 547 366 peti
577 316 594 350 a
622 297 797 364 senioribus,
825 301 855 352 et
880 297 1007 364 Scribis,
1040 306 1069 351 et

314 378 490 446 principibus
506 377 694 442 sacerdotum,
711 381 740 431 et
755 377 853 443 occidi,
872 382 901 430 et
915 377 1004 431 tertia
1019 379 1071 431 die
1116 398 1118 415 ἱ

260 459 295 508 22
314 475 470 524 resurgere.
508 458 543 511 Et
569 474 719 511 assumens
740 474 803 512 eum
823 458 941 517 Petrus,
967 455 1118 555 eoepit¹¹

314 541 461 607 inerepare
485 539 563 592 illum
583 538 695 592 dicens:
721 538 804 592 Absit
824 543 901 604 ate,
927 537 1069 592 Domine:

172 636 190 667 n
202 636 241 677 mi
260 619 294 668 23
314 636 370 673 non
386 619 438 672 erit
453 619 505 673 tibi
520 619 582 674 hoe.
620 619 675 688 Qui
689 635 853 683 conversus,
873 618 945 672 dixit
959 618 1068 673 Petro:

313 699 392 754 Vade
418 703 484 768 post
509 717 554 754 me
581 704 699 764 satana,
728 698 894 752 scandalum
921 715 951 751 es
977 700 1068 752 mihi:

314 781 381 849 quie
407 797 462 834 non
490 781 567 850 sapis
592 797 642 845 ea,
667 796 741 849 quae
762 779 814 832 Dei
838 784 921 846 sunt,
947 778 999 832 sed
1022 797 1068 835 ea.

162 877 249 918 wosn-
260 858 295 909 24
314 877 388 930 (piae
407 861 559 915 hominum.
633 860 713 914 Tunc
729 861 810 913 Iesus
827 859 898 913 dixit
914 859 1068 928 discipulis
1080 853 1093 877 ¹

314 941 388 994 suis:
416 941 446 994 Si
473 942 536 1010 quis
561 942 622 995 vult
647 944 715 1008 post
737 957 783 993 me
802 940 911 1006 venire,
938 940 1067 1006 abneget

314 1022 515 1091 semetipsum,
541 1027 569 1075 et
595 1022 677 1075 tollat
703 1037 816 1074 erucem
842 1037 938 1086 suam,
965 1025 995 1074 et
1020 1039 1067 1074 se-

259 1099 294 1150 25
314 1105 418 1170 quatur
436 1119 490 1156 me,
527 1102 582 1171 Qui
603 1101 677 1155 enim
696 1101 817 1154 voluerit
836 1100 960 1154 animam
979 1118 1065 1154 suam

314 1183 423 1236 salvam
442 1183 546 1248 faeere,
565 1181 667 1250 perdet
686 1198 757 1234 eam.
791 1180 839 1248 qui
857 1186 953 1234 eutem
969 1182 1066 1249 perdi-

314 1263 386 1318 derit
402 1263 526 1317 animam
546 1279 629 1315 suum
643 1267 760 1330 propter
774 1278 828 1326 me,
848 1261 974 1315 inveniet
989 1279 1063 1315 eam.

212 1340 294 1399 ⁴‚8-26
314 1342 389 1412 Quid
415 1344 488 1397 enim
514 1341 633 1410 prodest
656 1341 776 1407 homini,
802 1341 826 1395 si
845 1341 982 1395 mundum
1000 1344 1065 1395 uni-

313 1441 427 1477 versum
447 1424 580 1488 lueretur,
602 1423 714 1475 animae
735 1439 800 1475 vero
820 1438 890 1475 suae
910 1421 1065 1476 detrimen-

313 1508 374 1558 tum
400 1504 547 1572 patiatur?
585 1504 642 1556 Aut
668 1519 753 1570 quam
780 1501 860 1555 dabit
884 1501 967 1555 homo
988 1519 1065 1556 eom-

101 1581 293 1638 J⁵.2⁹·R²‚r-27
313 1584 500 1638 mutationem
533 1599 585 1652 pro
620 1583 714 1636 anima
747 1582 820 1635 sua?
865 1581 953 1635 Filius
987 1585 1062 1636 enim
1075 1574 1094 1651 'd

141 1639 180 1720 rfv'
191 1643 249 1728 {izit
314 1663 435 1717 hominis
452 1666 590 1716 venturus
610 1668 655 1716 est
673 1663 702 1716 in
718 1662 808 1731 gloria
824 1661 919 1715 Patris
936 1662 981 1715 sui
997 1679 1064 1716 oum

314 1743 423 1810 angelis
452 1742 526 1794 suis:
555 1746 585 1796 et
612 1746 681 1796 tuno
709 1741 810 1796 reddet
838 1741 990 1810 unicuique
1017 1759 1064 1795 se-

191 1822 295 1880 10,2³.28
314 1822 437 1875 eundum
465 1838 552 1889 opera
571 1823 641 1876 eius.
677 1822 769 1876 Amen
789 1820 851 1875 dieo
870 1821 968 1887 vohis,
994 1815 1097 1895 sunt'J

314 1901 429 1970 quidam
455 1901 489 1954 de
509 1901 733 1968 hiemantibus,
759 1902 883 1969 quinon
902 1901 1065 1969 gustabunt

313 1985 449 2048 mortem,
478 1981 568 2036 donee
593 1982 710 2037 videant
739 1981 840 2034 Filium
867 1981 990 2034 hominis
1015 1999 1065 2036 ve-

314 2062 440 2115 nientem
459 2061 487 2114 in
506 2078 593 2130 regno
613 2079 673 2116 suo.

131 2121 248 2208 ididia.
284 2129 302 2202 7
385 2141 421 2196 Et
447 2145 513 2210 post
539 2141 599 2196 dies
626 2160 677 2196 sex
696 2141 819 2196 assumit
838 2141 917 2193 Iesus
936 2140 1064 2196 Petrum.

134 2213 150 2245 L
162 2213 249 2253 ⁹¹²⁸'³⁰·
314 2226 343 2275 et
358 2221 500 2288 iacobum,
520 2227 549 2275 et
562 2223 698 2277 Ioannem
716 2222 834 2275 fratrem
851 2221 921 2284 eius,
941 2223 970 2272 et
984 2219 1063 2274 dueit

113 2309 248 2351 erin-1⁸.
277 2304 294 2353 2
314 2302 376 2355 illos
396 2302 424 2355 in
442 2306 568 2355 montem
588 2303 732 2356 excelsum
752 2317 893 2354 seorsum:
926 2303 955 2353 et
970 2304 1064 2353 trans-

313 2382 453 2449 figuratus
475 2387 519 2436 est
539 2386 606 2436 ante
626 2399 684 2436 eos
721 2381 758 2435 Et
777 2379 953 2448 resplenduit
972 2379 1063 2434 facies

314 2462 375 2514 eius
401 2461 476 2515 siout
502 2463 561 2516 sol:
589 2463 762 2514 vestimenta
787 2464 882 2513 antem
903 2460 964 2513 eius
984 2459 1063 2514 faeta

279 2546 381 2596 3sunt
410 2543 475 2596 alba
504 2544 579 2596 sieut
606 2543 662 2594 nir.
709 2541 745 2594 Et
773 2558 839 2595 eece
867 2547 1062 2609 apparuerunt

314 2623 368 2675 illis
400 2622 528 2691 Moyses,
567 2626 595 2676 et
628 2621 704 2674 Elias
740 2638 804 2674 oum
837 2637 870 2674 eo
904 2621 1061 2688 loquentes.

277 2702 499 2771 4Respondens
543 2705 639 2755 eutem
676 2701 795 2767 Petrus,
838 2700 910 2753 dixit
948 2698 986 2752 ad
1021 2700 1062 2752 Ie-

314 2800 391 2836 sum:
417 2783 551 2847 Domine,
577 2783 683 2835 bonum
709 2785 755 2835 est
780 2798 833 2834 nos
858 2780 905 2834 hie
931 2796 1008 2834 esse:
1035 2783 1060 2833 si

366 2985 392 3022 27
407 2989 420 3020 o
438 2989 466 3020 us

366 3041 413 3094 17,1
422 2990 533 3084 passumit
548 3043 586 3091 (sic
600 3050 619 3083 ei
629 3044 720 3091 ΜΨ]
736 3040 808 3094 {¹2⁹³
822 3039 955 3092 assumpsit
973 3037 1007 3093 m
1022 3049 1059 3080 as-

314 3103 401 3146 sumsit
426 3107 430 3155 ι
456 3102 560 3158 &duxit
626 3101 767 3156 supprimit
792 3103 796 3155 Ι
820 3112 902 3144 mores
1116 3118 1118 3161 Ι

665 3181 693 3224 44
1116 3180 1118 3193 .
