2275 3434
275 184 416 252 ala—29.
504 182 703 238 SECVNDVM
724 180 886 236 MARCVM.

329 345 479 411 loannem,
506 347 535 398 et
560 342 653 398 vinxit
678 359 744 397 eum
769 343 798 396 in
825 357 940 396 carcere
966 346 1085 411 proptu

329 423 519 480 Herodiadern
539 440 657 477 uxorem
676 423 799 493 Philippi
819 422 919 477 fratris
938 423 999 488 sui,
1022 425 1088 491 qun

165 526 195 558 nv
208 525 265 567 aaa.
277 508 310 558 18
330 504 451 559 duxerat
471 521 542 558 earn.
581 503 704 558 Dicebat
723 502 799 557 enirn
818 503 942 557 loannes
961 502 1088 556 Herodi:

330 585 392 639 Non
424 585 491 638 licet
525 584 577 638 tibi
610 584 716 638 habere
749 599 867 638 uxorem
900 582 1007 636 fratris
1042 585 1088 634 tui.

278 671 310 720 19
330 664 469 719 Herodias
496 667 593 718 autem
618 663 810 718 insidiabatur
832 663 886 717 illi:
912 667 944 715 et
968 663 1087 717 volebat

158 751 312 807 recreato
330 744 459 799 occidere
488 761 568 812 eum,
600 760 654 798 uec
682 747 804 812 poterat.
848 741 982 797 Herodes
1014 746 1080 797 erun

330 825 479 879 metuebat
497 825 641 892 loannem,
664 824 758 877 sciens
777 841 842 878 euin
861 823 954 876 virum
975 822 1106 876 iustum·

331 909 360 960 et
379 910 524 960 sanctum:
545 909 574 960 et
594 904 776 958 custodiebat
795 920 869 965 euni,
889 905 918 956 et
933 902 1043 957 audito
1060 922 1089 956 ev

176 1004 207 1050 Ap
219 991 309 1050 anal
330 987 420 1039 multa
439 984 574 1051 faciebat,
595 988 623 1038 et
642 984 764 1038 libenter
782 1000 847 1037 eum
867 981 1020 1037 audiebat.
1058 985 1086 1036 ll·

331 1083 395 1119 curn
415 1065 477 1119 dies
496 1068 675 1133 opportunus
695 1063 861 1128 accidisset,
882 1061 1020 1116 Herodes
1042 1082 1087 1117 na-

331 1146 398 1199 talis
418 1145 462 1199 sui
482 1161 601 1198 coenam
616 1143 686 1198 fecit
700 1143 885 1212 principibu,
905 1145 934 1195 et
949 1143 1087 1197 tribuni,

278 1231 312 1280 92
332 1229 361 1280 et
386 1225 486 1294 primis
513 1225 667 1278 Galilaeae.
705 1240 826 1292 cumque
851 1221 1006 1277 introisset
1034 1224 1085 1277 filu

331 1305 423 1374 ipsius
443 1304 628 1371 HerodiadiS,
654 1308 683 1358 et
702 1305 852 1369 saltasset,
876 1304 905 1356 et
923 1303 1084 1370 placuisse·

332 1385 453 1452 Herodi,
491 1385 631 1454 simulque
667 1383 914 1448 recumbentibus;
952 1398 1008 1436 rex
1051 1387 1083 1437 aii

331 1466 458 1535 puellae:
485 1465 555 1519 Pete
582 1483 598 1518 a
624 1482 669 1518 me
689 1464 765 1534 quod
784 1464 844 1529 vis,
870 1467 899 1517 et
918 1462 995 1516 dabo
1020 1466 1084 1517 tibi:

152 1553 313 1612 a1a⁵,e.e.23
334 1547 339 1584 ¹
356 1548 384 1600 et
407 1545 512 1599 iuravit
535 1545 590 1599 illi:
617 1543 690 1614 Quia
709 1543 848 1612 quidquid
868 1542 987 1611 petieris
1011 1545 1084 1598 dall¹

279 1632 313 1682 24
333 1626 394 1692 tibi,
423 1625 487 1679 licet
518 1625 666 1679 dimidium
694 1624 774 1694 regni
802 1624 866 1677 mei.
909 1622 990 1691 Quae
1024 1644 1083 1678 cun

333 1706 456 1773 exisset,
483 1705 554 1759 dixit
579 1705 665 1759 matri
685 1721 769 1758 suae:
796 1703 870 1773 Quid
889 1703 1012 1772 petam?
1055 1709 1080 1758 .-u

190 1791 313 1852 n1‚ae.25
333 1786 381 1840 illa
401 1786 486 1840 dixit:
508 1785 603 1854 Caput
622 1785 735 1838 loannis
755 1784 914 1853 Baptistae.
953 1781 1082 1854 Curnqu

333 1866 480 1920 introisset
505 1866 605 1920 statim
631 1883 696 1918 cum
716 1864 901 1918 festinatione
921 1862 958 1915 ad
976 1879 1084 1932 regern.

332 1945 436 2014 petivit
468 1945 584 1999 dicens:
617 1945 687 1998 Volo
715 1948 748 1998 ut
775 1944 906 2012 protinus
934 1941 986 1995 des
1015 1946 1082 1998 milii

183 2051 198 2083 n
211 2032 313 2092 1e‚n.26
333 2027 361 2080 in
391 2026 469 2080 disco
499 2029 587 2094 caput
613 2025 727 2080 loannis
752 2023 911 2093 Baptistae.
952 2022 990 2076 Et
1019 2043 1083 2078 con-

332 2107 466 2162 tristatus
495 2109 541 2160 est
568 2123 633 2160 rex:
666 2108 785 2175 propter
811 2103 1026 2170 iusiurandum,
1059 2112 1081 2158 el

332 2191 450 2256 propter
476 2187 559 2240 simul
586 2187 800 2240 discumbentes
824 2184 916 2238 noluit
935 2199 999 2236 earn
1018 2203 1082 2240 con-

279 2273 313 2323 27
332 2267 463 2322 tristare:
511 2267 562 2320 sed
599 2267 688 2320 misso
726 2266 899 2333 spiculatore
935 2267 1082 2333 praecepit

334 2348 430 2402 afferri
463 2350 550 2415 caput
584 2347 645 2400 eius
677 2346 706 2399 iu
736 2345 823 2398 disco.
867 2344 903 2399 Et
931 2343 1081 2397 decollavit

279 2433 313 2483 28
334 2444 399 2481 eum
431 2428 459 2480 in
493 2443 621 2493 carcere,
666 2429 694 2478 et
723 2425 821 2479 attulit
848 2426 936 2493 caput
964 2423 1025 2478 eius
1056 2426 1082 2477 in

334 2507 428 2562 disco:
455 2511 483 2562 et
510 2507 590 2561 dedit
617 2505 687 2559 illud
712 2506 838 2573 puellae,
864 2506 893 2558 et
915 2504 1010 2572 puella
1036 2506 1083 2558 de-

279 2594 314 2644 29
334 2588 376 2643 dit
403 2589 488 2642 matri
517 2603 596 2640 suae.
633 2585 695 2654 Quo
724 2584 835 2652 auditu,
864 2583 994 2654 discipuli
1020 2586 1080 2638 cius

386 2782 413 2819 17
426 2775 551 2819 iohannen
577 2775 581 2827 l
606 2774 763 2828 &carcerem

387 2844 414 2880 20
427 2837 550 2880 iohannen

387 2906 413 2942 ai
427 2898 506 2942 natali
521 2910 564 2943 suo

388 2968 414 3004 23
429 2961 540 3014 quicquid

388 3029 415 3067 26
430 3044 453 3055 -
469 3027 507 3067 est
533 3025 535 3078 l
570 3024 719 3075 (tisconcuti
737 3034 780 3066 rex
798 3035 833 3076 pr.
853 3022 1037 3074 iusiurandumz)
1063 3027 1065 3073 J
1104 2992 1106 2999 Ι

336 3090 360 3131 et
374 3085 400 3128 2⁰
414 3089 423 3134 ]
439 3085 461 3140 g·
476 3087 519 3129 sed
544 3086 548 3137 Ι
573 3086 743 3129 recumbentes
1104 3072 1106 3105 ³

390 3153 416 3191 27
431 3147 474 3191 sed
488 3152 497 3198 ]
512 3147 533 3202 {a
549 3149 573 3190 ct
598 3149 603 3198 ι
627 3147 779 3198 speculatore

683 3223 725 3267 100
