2275 3434
177 107 179 112 Ι
236 152 362 221 zar-18.
426 151 625 208 SECVNDVM
650 149 887 204 MATTHAEVM.

291 317 320 368 et
339 330 403 368 cum
421 311 598 378 inveneritis,
616 311 783 365 renunciate
799 310 877 377 mihi,
894 313 928 365 ut
942 313 972 364 et
986 327 1043 380 ego

256 393 409 448 9veniens
442 392 557 446 adorem
590 407 663 446 eum.
710 391 765 460 Qui
797 407 862 445 cum
891 390 1044 445 audissent

291 489 396 542 regern,
416 473 557 527 abierunt.
572 476 602 526 et
616 487 682 526 ecce
696 472 789 538 stella,
807 487 894 540 quarn
909 470 1044 524 viderant

291 554 320 608 in
335 553 452 620 oriente,
472 551 662 607 antecedebat
676 569 735 618 eos,
747 550 908 620 usquedum
921 551 1043 605 veniens

239 640 273 691 10
292 637 384 689 staret
403 650 503 702 supra,
523 632 573 686 ubi
591 635 654 686 erat
672 648 750 700 puer.
788 630 925 686 Videntes
944 635 1043 685 autem

107 720 271 776 r·ra,1o.1s.ll
292 716 404 770 stellam
430 713 524 783 gavisi
542 717 610 767 sunt
628 712 733 781 gaudio
752 728 857 780 magno
875 710 967 766 valde.
1005 711 1043 766 Et

149 778 227 820 ΠΜ·
291 795 433 850 intrantes
466 794 596 860 domurn,
629 794 798 848 invenerunt
828 808 948 861 puerum
976 807 1042 844 cum

292 875 382 930 Maria
399 879 491 930 matre
510 875 581 940 eius,
601 878 630 928 et
648 872 830 941 procidentes
850 871 1043 927 adoraverunt

293 973 372 1010 eum:
399 959 428 1010 et
456 955 563 1024 apertis
589 954 733 1009 thesauris
752 953 813 1007 suis
833 952 995 1007 obtulerunt
1015 951 1042 1005 ei

241 1042 274 1092 12
293 1052 419 1103 munera,
436 1053 543 1101 aurum,
558 1034 635 1101 thus
648 1034 838 1103 etmyrrham.
858 1033 894 1087 Et
903 1049 1042 1101 responso

294 1119 412 1185 accepto
438 1115 468 1170 in
493 1115 601 1169 somnis
627 1131 663 1168 ne
687 1113 812 1169 redirent
835 1112 873 1167 ad
891 1112 1042 1176 Herodem,

293 1213 344 1266 per
359 1197 443 1250 aliam
455 1196 532 1251 viam
545 1195 655 1251 reversi
668 1198 736 1248 sunt
750 1195 779 1247 in
793 1194 938 1262 regionem
950 1209 1041 1247 suam.

142 1297 229 1338 azan.
241 1283 274 1334 13
366 1277 420 1346 Qui
445 1294 510 1331 curn
534 1275 737 1341 recessissent,
763 1291 829 1328 ecce
848 1274 967 1343 angelus
986 1273 1043 1326 Do-

293 1357 362 1412 mini
378 1357 512 1427 apparuit
526 1358 555 1411 in
570 1357 679 1410 somnis
690 1355 801 1424 loseph,
816 1354 926 1408 dicens:
942 1353 1041 1421 Surge,

295 1443 324 1493 et
343 1439 441 1508 accipe
459 1453 589 1507 puerum,
608 1440 638 1491 et
655 1440 776 1491 matrem
795 1435 866 1502 eius,
886 1438 914 1489 et
931 1432 998 1502 fuge
1013 1434 1042 1486 in

292 1519 464 1588 Aegyptum,
484 1522 513 1573 et
532 1521 595 1572 esto
614 1517 653 1571 ibi
672 1533 763 1585 usque
783 1515 850 1570 dum
869 1514 963 1568 dicam
981 1513 1042 1567 tibi.

294 1598 432 1653 Futurum
450 1602 495 1653 est
509 1599 585 1652 enirn
599 1601 631 1651 ut
644 1596 773 1650 Herodes
788 1597 909 1666 quaerat
923 1609 1042 1662 puerum

242 1684 276 1734 14
295 1679 331 1733 ad
356 1678 532 1749 perdendum
552 1695 624 1732 eum.
663 1677 718 1746 Qui
736 1691 912 1744 consurgens
932 1673 1043 1741 accepit

208 1825 211 1832 1
294 1776 422 1829 puerum,
444 1763 473 1814 et
492 1762 614 1814 matrem
633 1758 694 1812 eius
713 1760 807 1823 nocte,
826 1761 855 1810 et
874 1754 995 1809 secessit
1013 1754 1043 1807 in

131 1841 471 1910 110211n-15Aegyptum:
497 1842 525 1894 et
549 1842 612 1893 erat
635 1837 675 1891 ibi
694 1853 784 1906 usque
804 1836 841 1891 ad
860 1835 969 1890 obitum
988 1834 1043 1888 He·

295 1920 385 1975 rodis:
418 1923 451 1974 ut
481 1919 686 1987 adimpleretur
712 1916 789 1986 quod
817 1915 925 1969 dictum
952 1918 999 1968 est
1026 1931 1044 1966 a

295 2001 416 2055 Domino
431 2016 482 2068 per
496 1999 669 2068 Prophetam
685 1997 839 2051 dicentem:
856 1995 899 2049 Ex
912 1995 1043 2063 Aegypto

295 2081 396 2135 vocavi
414 2079 503 2134 filium
521 2095 624 2134 meum.
843 2076 846 2084 '

243 2166 275 2217 16
365 2161 446 2215 Tunc
455 2159 583 2215 Herodes
595 2159 696 2214 videns
709 2159 844 2227 quoniam
855 2157 956 2210 illusus
967 2158 1045 2209 esset

296 2259 313 2296 a
331 2241 436 2310 Magis,
460 2242 551 2296 iratus
571 2243 617 2294 est
635 2240 732 2305 valde,
756 2241 785 2292 et
802 2238 921 2292 mittens
940 2235 1045 2289 occidit

295 2339 393 2377 omnes
413 2339 530 2391 pueros,
551 2320 599 2391 qui
619 2323 701 2374 erant
719 2319 748 2372 in
767 2316 949 2381 Bethlehem,
968 2319 997 2370 et
1016 2315 1044 2368 in

296 2403 426 2458 omnibus
452 2403 556 2458 finibus
584 2400 646 2455 eius
672 2416 689 2452 a
713 2397 825 2450 bimatu
850 2400 878 2449 et
902 2395 978 2449 infra
1001 2412 1045 2450 se-

295 2483 419 2538 cundum
445 2487 576 2551 tempuS,
602 2478 678 2549 quod
704 2476 878 2546 exquisierat
904 2493 922 2529 a
944 2476 1044 2544 Magis.

137 2578 231 2622 111111.
243 2570 275 2620 17
296 2563 376 2618 Tunc
405 2563 591 2631 adimpletum
619 2563 664 2614 est
690 2558 766 2628 quod
792 2557 899 2612 dictum
925 2559 970 2610 est
994 2573 1046 2626 per

275 2672 276 2678 ,
295 2644 445 2698 Ieremiam
463 2642 634 2711 prophetam
653 2639 809 2694 dicentem:

129 2738 161 2772 aa
173 2741 231 2782 aare.
244 2731 277 2782 18
367 2723 429 2777 Vox
448 2722 477 2775 in
495 2722 587 2775 Rama
605 2720 704 2776 audita
723 2725 768 2774 est

403 2803 541 2871 ploratus
561 2805 591 2856 et
608 2803 734 2857 ululatus
752 2802 874 2856 multus:

350 3007 363 3042 's
378 2994 516 3045 renuntiate
530 3009 561 3044 erc
642 3007 666 3042 11
682 3009 785 3042 murram

351 3070 377 3105 13
393 3061 413 3116 ᾗ
430 3083 453 3094 -
469 3065 494 3106 et
509 3064 534 3105 1⁰
615 3068 642 3105 14
654 3062 759 3106 recessit
822 3073 826 3077 ·

352 3133 378 3170 16
392 3125 485 3168 inlusus
500 3135 530 3168 erc
609 3130 634 3166 17
648 3124 788 3167 hieremiam
802 3130 833 3164 ero

656 3204 671 3247 4
