2275 3434
235 143 359 212 2,7-17.
378 181 382 188 -
464 145 664 200 SECVNDVM
685 145 848 201 MARGVM.

134 325 153 358 1.
167 325 226 367 mu.
255 305 365 359 7suis:
387 307 392 345 ¹
413 305 487 375 Quid
519 305 565 359 hic
597 305 639 359 sic
670 306 816 376 loquitur?
847 306 1049 375 blasphemat.

290 385 360 455 Quis
393 388 490 455 potest
523 385 668 440 dimittere
699 390 835 456 peccata,
872 386 928 440 nisi
961 388 1049 441 solus

254 469 271 520 8
289 465 386 519 Deus?
424 465 486 535 Quo
510 465 611 520 statim
630 466 745 534 cognito
764 466 845 521 lesus
864 466 968 536 spin'tu
989 485 1049 521 suo

290 545 358 615 quia
376 545 418 599 sic
437 546 598 615 cogitarent
616 545 693 600 intra
712 562 757 613 se,
781 545 850 600 dicit
868 545 938 600 illis:
965 546 1048 615 Quid
1109 582 1111 585 -

254 630 270 680 9
289 625 348 679 ista
373 625 507 694 cogitatis
530 625 560 679 in
585 625 719 680 cordibus
737 625 862 680 vestris?
900 625 977 696 Quid
999 633 1046 680 est

290 705 403 759 facilius
437 704 530 759 dicere
559 705 734 775 paralytico:
768 705 961 761 Dimittuntur
987 707 1048 761 tibi

289 787 423 854 peccata:
453 803 489 839 an
518 785 627 840 dicere:
658 785 763 856 Surge,
791 787 858 840 tolle
885 786 1048 855 grabatum

238 869 271 920 10
289 869 386 932 tuum,
415 869 444 920 et
471 867 607 921 ambula?
653 867 692 922 Ut
719 871 817 921 autem
844 865 944 921 sciatis
973 867 1049 936 quia

289 945 378 1000 Filius
402 947 524 1002 hominis
547 947 636 1002 habet
660 951 836 1018 potestatem
854 947 884 1001 in
902 950 983 1002 terra
1003 948 1049 1002 di-

237 1030 269 1080 ll
289 1027 421 1082 mittendi
444 1031 579 1096 peccata,
603 1028 657 1096 (ait
679 1027 851 1096 paralytico)
867 1029 874 1066 ¹
888 1027 941 1082 tibi
961 1026 1047 1082 dico:

290 1107 394 1176 Surge,
418 1109 485 1163 tolle
510 1110 664 1178 grabatum
682 1112 778 1174 tuum,
802 1111 831 1162 et
850 1106 924 1161 vade
943 1107 973 1161 in
993 1107 1049 1163 do-

238 1190 271 1241 12
289 1205 367 1242 murn
381 1190 468 1242 tuam.
495 1187 531 1243 Et
546 1189 645 1243 statim
661 1187 786 1242 surrexit
799 1188 857 1242 ille:
873 1191 910 1255 et,
925 1188 1049 1244 sublato

289 1268 420 1336 grabato,
440 1269 511 1323 abiit
529 1286 626 1323 coram
643 1267 784 1335 omnibuS,
803 1267 844 1322 ita
859 1271 891 1322 ut
904 1267 1049 1324 miraren-

290 1351 337 1402 tur
356 1365 463 1416 omnes,
489 1353 518 1404 et
536 1348 758 1403 honorificarent
776 1348 877 1416 Deum,
896 1347 1047 1404 dicentes:

129 1446 204 1482 ra-rm
290 1428 364 1497 Quia
383 1446 539 1499 numquam
558 1429 601 1482 sic
619 1426 751 1482 vidimus

111 1493 225 1580 {¹²5¹}ssssss
238 1511 271 1562 13
361 1508 398 1563 Et
413 1526 546 1579 egressus
562 1511 608 1562 est
621 1525 720 1562 rursus
733 1507 770 1562 ad
783 1525 874 1564 mare:
890 1508 1073 1586 omnisque}

153 1607 226 1651 aaa.
239 1592 271 1643 14
291 1589 375 1643 turba
400 1589 535 1644 veniebat
560 1587 694 1655 adeum,
718 1592 747 1642 et
767 1588 889 1643 docebat
908 1606 966 1643 eos
1004 1590 1046 1645 Et

291 1687 355 1723 cum
373 1669 552 1738 praeteriret,
574 1667 646 1722 vidit
664 1668 734 1722 Levi
752 1668 873 1738 Alphaei
891 1668 1045 1725 sedentem

291 1749 328 1804 ad
346 1749 493 1814 telonium,
513 1751 542 1802 et
562 1748 603 1802 ait
621 1748 673 1802 illi:
694 1748 821 1818 Sequere
839 1766 893 1803 me.
926 1749 963 1804 Et
979 1767 1044 1803 sur-

239 1833 271 1884 15
290 1847 360 1898 gens
380 1833 498 1883 secutus
518 1831 563 1882 est
583 1844 655 1883 eum.
710 1830 747 1883 Et
766 1829 876 1883 factum
895 1833 954 1896 est,
975 1830 1072 1899 curn?

292 1909 473 1963 accumberet
498 1908 527 1962 in
554 1907 638 1963 domo
663 1910 754 1976 illius,
780 1909 862 1963 multi
886 1900 1066 1978 publicani,¹

291 1993 320 2043 et
345 1991 512 2058 peccatores
537 1988 622 2042 simul
645 1989 865 2043 discumbebant
884 2005 948 2043 cum
966 1989 1042 2058 lesu,

291 2073 320 2124 et
346 2068 493 2137 discipulis
519 2069 594 2123 eius:
621 2073 702 2124 erant
727 2069 803 2123 enirn
821 2069 917 2136 multi,
942 2069 1042 2138 quiet

239 2154 271 2206 16
291 2148 486 2218 sequebantur
511 2166 583 2204 eum.
620 2150 658 2204 Et
683 2149 814 2216 Scribae,
839 2153 869 2205 et
892 2149 1040 2204 Pharisaei

291 2228 422 2283 videntes
442 2229 509 2298 quia
527 2230 715 2285 manducaret
733 2246 798 2282 curn
817 2228 991 2298 publicanis,
1011 2233 1040 2284 et

290 2307 503 2377 peccatoribus
524 2309 659 2364 dicebant
678 2309 826 2378 discipulis
846 2309 920 2363 eius:
945 2309 1038 2379 Quare

291 2406 356 2442 curn
388 2389 563 2458 publicanis,
598 2394 627 2445 et
656 2390 856 2458 peccatoribus
884 2389 1040 2444 manducat

239 2476 271 2526 17
292 2470 320 2522 et
345 2467 418 2522 bibit
436 2469 573 2540 Magister
595 2470 713 2525 vester?
749 2469 811 2524 Hoc
835 2469 934 2524 audito
959 2468 1067 2547 lesus?

292 2547 333 2601 ait
360 2547 429 2602 illis:
458 2549 520 2605 Non
549 2565 668 2604 necesse
696 2548 804 2603 habent
831 2549 894 2604 sani
919 2549 1038 2617 medico,

291 2669 502 2678 ...Q—...—

343 2743 442 2791 esurge
457 2738 482 2780 et
495 2739 514 2781 t.

343 2806 369 2842 ro
385 2803 407 2850 >
422 2801 473 2855 pot.
488 2799 545 2843 hab.
560 2799 594 2844 fil.
609 2798 673 2843 hom.

342 2867 407 2913 12>
423 2863 540 2906 illesurr.
567 2869 570 2915 ι
596 2861 767 2916 ξαὴίἰὺίιιᾰο
792 2865 796 2915 Ι
822 2861 999 2907 admirarentur

342 2930 369 2968 14
382 2924 448 2968 leuin
473 2927 477 2976 1
503 2923 584 2978 alphei
608 2926 614 2980 Ι
637 2925 759 2970 teloneum

342 2985 526 3040 ῶῇ-πφ

342 3058 369 3093 rc
384 3053 407 3100 >
423 3048 505 3093 mand.
521 3060 541 3093 o.
556 3061 623 3104 pecc.
638 3052 664 3095 et
676 3050 743 3106 publ.
769 3051 775 3102 Ι
799 3049 946 3105 {dixerunt

342 3119 367 3154 17
381 3110 500 3155 medicum

642 3191 670 3235 88
