2275 3434
254 179 413 246 11,35-47.
493 179 691 234 SECVNDVM
716 179 849 234 LVCAM.

253 342 287 392 35
308 339 379 394 Vide
397 356 464 409 ergo
483 355 519 393 ne
538 340 641 401 lumen,
661 340 737 409 quod
756 340 785 394 in
801 344 830 395 te
846 345 899 409 est,
919 343 1055 398 tenebrae

253 423 287 472 36
307 420 373 475 sint.
416 420 447 474 Si
475 435 543 488 ergo
572 435 675 488 corpus
703 424 784 476 tuum
812 425 905 476 totum
931 423 1055 478 lucidum

307 499 406 567 fuerit,
432 516 488 554 non
514 499 624 554 habens
650 501 775 570 aliquam
793 505 906 570 partem
925 503 1056 560 tenebra-

305 596 384 647 rum,
410 580 466 634 erit
492 580 617 635 lucidum
646 584 754 648 totum,
782 585 810 636 et
839 580 915 637 sicut
940 583 1057 638 lucerna

306 661 426 730 fulgoris
444 661 617 716 illuminabit
636 665 672 716 te.

127 763 178 802 rau
194 764 241 803 rm.
252 746 285 793 37
376 741 413 796 Et
432 757 497 796 cum
514 743 690 812 loqueretur,
709 744 822 812 rogavit
841 745 920 799 illum
939 745 1056 814 quidam
1067 743 1090 802 ΓΓ

305 822 478 876 Pharisaeus
497 826 529 877 ut
547 822 702 892 pranderet
721 823 798 892 apud
817 840 857 878 se.
891 825 929 879 Et
948 825 1058 895 ingres-

156 922 183 955 m
195 923 240 967 nn.
252 905 286 954 38
305 919 355 956 sus
374 903 513 957 recubuit.
549 902 722 958 Pharisaeus
750 907 846 959 autem
865 906 962 976 coepit
979 907 1057 962 intra

200 1005 203 1008 >
305 999 337 1036 se
350 987 489 1052 reputans
504 984 606 1050 dicere,
621 1001 709 1054 quare
723 1001 780 1039 non
794 983 963 1054 baptizatus
978 991 1057 1042 esset

115 1063 234 1143 niihiff’rc
251 1067 286 1115 39
306 1066 372 1118 ante
399 1063 559 1133 prandium.
597 1064 634 1120 Et
662 1065 704 1119 ait
729 1065 868 1120 Dominus
898 1065 936 1120 ad
960 1067 1055 1122 illurn:

177 1131 182 1151 ¹
235 1132 240 1142 ’
304 1143 386 1198 Nunc
404 1160 456 1198 vos
475 1145 623 1199 Pharisaei
650 1144 726 1215 quod
752 1145 858 1201 deforis
882 1150 929 1202 est
949 1147 1056 1212 calicia,

305 1227 333 1278 et
360 1225 462 1292 catini,
490 1225 651 1280 mundatis:
680 1225 756 1295 quod
782 1229 878 1281 autem
905 1228 985 1282 intus
1012 1235 1056 1283 esi

304 1307 447 1372 vestrum,
475 1307 591 1374 plenum
619 1310 664 1362 est
691 1307 808 1376 rapina,
837 1310 867 1362 ei
892 1307 1056 1378 iniquitate.

250 1390 286 1438 40
305 1385 393 1440 Stulti
410 1402 505 1440 nonne
524 1386 573 1455 qui
592 1385 661 1442 feeit
679 1387 755 1456 quod
770 1387 877 1442 deforis
891 1393 946 1456 est,
966 1390 1054 1445 etiam

249 1471 282 1520 41
304 1465 341 1532 id,
357 1465 434 1535 quod
448 1465 561 1522 deintus
577 1471 630 1534 est,
646 1467 734 1522 iecit?
760 1468 963 1524 Verumtamen
977 1471 1056 1540 quod

304 1550 451 1614 superest,
478 1547 545 1602 date
568 1549 793 1618 eleemosynam:
819 1553 849 1604 et
872 1566 939 1606 ecee
959 1552 1056 1606 omnia

249 1631 284 1680 42
303 1624 410 1681 munda
429 1631 497 1681 sunt
515 1628 606 1683 vobis.
635 1627 693 1684 Sed
711 1645 765 1684 vae
782 1629 864 1684 vobis
878 1630 1087 1708 PharisaeiS,¹³

303 1707 371 1775 quia
389 1706 539 1762 decimatis
557 1708 719 1776 mentham,
744 1713 773 1764 et
792 1714 901 1777 rutam,
921 1715 951 1766 et
970 1728 1055 1767 omne

303 1787 380 1852 olus,
406 1791 435 1842 ct
460 1789 625 1857 praeteritis
649 1789 799 1857 iudicium,
825 1794 854 1846 et
881 1791 1055 1848 charitatem

304 1867 370 1921 Dei:
394 1867 465 1922 haec
485 1873 582 1924 autem
601 1871 728 1940 oportuit
747 1870 855 1940 facere,
879 1876 909 1927 et
927 1872 978 1928 illa
997 1891 1055 1928 non

179 1971 236 2011 eone.
248 1954 282 2002 43
303 1947 442 2002 omittere.
476 1949 535 2004 Vae
554 1950 637 2005 vobis
653 1951 827 2020 Pharisaeis,
846 1953 914 2022 quia
933 1953 1055 2024 diligitis
1065 1953 1087 1980 Τ

301 2028 408 2096 primas
423 2028 576 2084 cathedras
590 2031 618 2084 in
634 2032 798 2101 synagoga,
818 2035 847 2087 et
860 2033 1054 2091 salutationes

247 2115 282 2166 44
302 2109 330 2161 in
350 2108 420 2164 foro.
449 2110 508 2164 Vae
526 2110 618 2178 vobis,
638 2112 706 2181 quia
724 2113 795 2168 estis
809 2116 842 2169 ut
855 2117 1086 2196 mourunenta,¹{

301 2205 375 2258 quae
401 2207 458 2244 non
483 2195 638 2261 apparent,
666 2197 694 2247 et
718 2193 847 2248 homines
867 2194 1054 2253 ambulantes

246 2277 281 2326 45
301 2285 397 2338 supra,
415 2270 556 2326 nesciunt.
611 2272 797 2342 Respondens
818 2276 914 2328 autem
933 2276 1086 2362 quidamt}u

301 2366 336 2402 ex
372 2349 574 2419 Legisperitis,
613 2353 653 2407 ait
690 2353 745 2408 illi:
790 2353 941 2424 Magister,
980 2357 1054 2414 haec

114 2424 117 2428 ⁴
190 2442 193 2446 ·
245 2428 398 2486 <indicens
430 2430 518 2485 eiiam
546 2433 747 2487 contumeliam
775 2434 858 2490 nobis
886 2435 968 2490 facie.
1014 2440 1053 2493 At

299 2509 346 2562 ilie
379 2509 433 2564 ait:
470 2511 507 2565 Et
539 2511 621 2566 vohis
655 2513 841 2584 Legisperitis
875 2532 942 2571 vae:
982 2519 1053 2589 quia

300 2591 425 2646 oneratis
462 2587 592 2647 himines
630 2593 779 2662 oneribuS,
822 2613 896 2666 quae
932 2602 1051 2668 portare

299 2687 355 2725 non
392 2676 529 2740 possunt,
572 2675 601 2728 ei
637 2673 693 2743 ipsi
730 2691 786 2730 uno
824 2675 913 2746 digito
950 2683 1050 2736 vestro

244 2757 279 2807 47
298 2767 355 2806 non
378 2752 498 2821 tangitis
522 2751 660 2810 sarcinas.
698 2755 756 2810 Vae
778 2757 873 2824 vobis,
898 2758 946 2828 qui
971 2759 1085 2844 aedi-tf·

350 2974 377 3009 37
391 2968 416 3010 et
428 2966 475 3017 2⁰]
491 2968 513 3022 ᾗ
527 2969 595 3012 lesus
611 2973 692 3014 autem
715 2963 717 2972 ’

350 3028 634 3084 argumentata
659 3033 662 3086 1
689 3035 795 3080 mentam

350 3096 376 3133 44
389 3093 477 3145 parent
556 3098 583 3136 45
598 3097 621 3145 >
636 3094 708 3139 nubis
723 3097 787 3142 nont.

350 3152 482 3207 reponare
562 3161 589 3197 47
603 3155 660 3208 quia

643 3237 681 3280 184
