2275 3434
238 183 425 247 loeo—165.
478 180 678 235 secluuvll
704 179 838 234 LVCAbl.

293 342 390 395 senior
408 342 439 395 in
457 358 541 409 agro:
565 345 594 393 et
614 358 679 394 cum
698 341 823 406 veniret,
842 344 872 394 et
891 342 1051 411 appropin-

293 426 398 490 quaret
410 421 516 486 domui,
530 420 642 474 audivit
651 421 859 490 svmphoniam,
874 426 904 476 et
914 421 1051 476 chorum:

237 510 273 556 26
293 507 323 556 et
337 502 453 556 vocavit
467 518 555 554 unum
569 500 605 554 de
620 501 720 564 servis
734 505 765 554 et
777 501 970 570 interrogavit
980 504 1052 572 quid

238 574 274 638 2ῗ
292 582 365 636 haec
380 585 487 635 essent
506 581 591 650 Isque
605 581 679 634 dixit
692 581 744 634 illi:
759 579 861 635 Frater
874 586 943 635 tuus
959 584 1051 638 venit.

293 667 323 716 et
341 662 447 716 occidit
464 666 550 730 pater
566 666 636 715 tuus
650 661 770 714 vitulum
785 661 960 730 saginatum,
981 665 1050 732 quia

209 766 227 797 ε.
238 749 273 799 28
293 743 405 796 salvum
429 742 509 795 illum
531 741 649 810 recepit
687 741 856 811 Indignatus
875 746 921 796 est
940 746 1050 798 autem.

292 826 322 876 et
339 823 457 877 nolebat
473 822 600 876 introire.
628 821 715 875 Pater
728 837 796 890 ergo
811 821 886 876 illius
900 837 1050 891 egressus,

238 912 272 959 29
293 903 388 972 coepit
406 919 509 971 rogare
528 902 615 954 illum.
644 902 682 955 At
700 901 748 956 ille
767 901 954 971 respondens
976 903 1049 956 dixit

291 984 369 1053 patri
387 1000 455 1038 suo:
473 983 548 1037 Ecce
567 986 611 1036 tot
630 983 714 1036 annis
731 982 825 1036 servio
840 982 902 1050 tibi,
922 986 952 1038 et
967 1001 1050 1038 num·

293 1081 380 1132 quam
394 1062 562 1117 mandatum
577 1067 659 1116 tumn
670 1062 834 1131 praeterivi,
849 1068 879 1117 et
888 1080 1048 1133 numquam

293 1145 398 1199 dedisti
417 1144 487 1198 mihi
507 1143 631 1198 hoedum
648 1147 681 1197 ut
696 1160 761 1197 cum
776 1143 876 1197 amicis
890 1145 964 1198 meis
979 1161 1049 1214 epu-

238 1232 274 1280 30
292 1225 382 1279 larer:
419 1224 471 1278 sed
489 1229 646 1293 postquam
664 1224 740 1278 filius
759 1227 827 1278 tuus
846 1223 905 1290 hic,
930 1225 980 1293 qui
1000 1225 1049 1278 de-

293 1305 406 1359 voravit
431 1305 626 1359 substantiam
651 1320 734 1358 suam
753 1321 818 1358 cum
837 1305 1047 1370 meretricibus

143 1403 228 1446 amn.
238 1391 272 1441 31
293 1385 388 1451 venit,
416 1385 548 1440 occidisti
575 1384 615 1439 illi
644 1384 764 1439 vitulum
793 1385 966 1453 saginatum.
1009 1387 1047 1439 At

275 1466 356 1535 ipse
375 1465 449 1520 dixit
466 1466 521 1519 illi:
546 1465 615 1531 Fili,
634 1469 666 1520 tu
686 1481 801 1533 semper
818 1481 931 1519 mecum
950 1481 998 1532 ee,
1018 1471 1047 1519 et

239 1554 274 1603 32
294 1546 390 1601 omnia
420 1563 486 1600 mea
517 1551 575 1600 tua·
601 1549 682 1599 sunt:
729 1545 838 1614 epulari
872 1550 984 1612 autem,
1019 1549 1045 1598 et

293 1625 419 1694 gaudere
439 1626 601 1694 oportebat,
620 1626 689 1694 quia
707 1627 797 1680 trater
812 1630 880 1679 tuus
898 1625 954 1692 hic,
972 1643 1046 1680 mor·

294 1710 361 1761 tuus
376 1711 448 1774 erat,
468 1711 497 1760 et
510 1706 627 1760 revixit:
647 1705 782 1774 perierat,
800 1709 829 1759 et
842 1707 978 1760 inventus
993 1711 1043 1760 est.

246 1781 283 1852 1ss
366 1787 489 1840 Dicebat
521 1790 618 1840 autem
652 1788 681 1840 et
712 1785 749 1840 ad
776 1786 933 1855 discipulos
962 1802 1041 1840 suos:

293 1867 385 1922 Homo
412 1867 529 1935 quidam
553 1870 615 1921 erat
639 1865 736 1932 diveS,
762 1866 811 1935 qui
829 1865 958 1921 babebat
976 1865 1045 1920 villi-

295 1964 375 2001 cum:
399 1951 429 2001 et
451 1947 498 2000 hic
517 1945 685 2001 diffamatus
705 1951 750 2000 est
770 1945 846 2015 apud
864 1947 944 2000 illum
963 1947 1047 2015 quasi

259 2036 276 2085 2
295 2027 468 2096 dissipasset
485 2027 564 2081 bona
581 2027 682 2096 ipsius,
719 2027 755 2082 Et
774 2027 890 2081 vocavit
909 2025 998 2092 illum,
1019 2031 1047 2080 et

295 2108 336 2163 ait
355 2107 406 2161 illi:
427 2106 502 2177 Quid
515 2108 571 2162 hoc
586 2107 671 2162 audio
686 2107 721 2161 de
735 2108 784 2162 te?
804 2106 890 2161 redde
905 2106 1047 2160 rationem

295 2188 477 2243 villicationis
496 2192 580 2242 tuae:
600 2188 657 2242 iam
677 2188 752 2241 enim
766 2204 828 2252 ,non
847 2187 956 2256 poteris
975 2187 1049 2258 villi-

185 2288 230 2328 us.
260 2277 276 2325 3
295 2285 369 2322 care.
394 2268 443 2322 Ait
457 2272 553 2323 autem
568 2268 678 2323 villicus
693 2268 770 2322 intra
786 2283 831 2322 se:
851 2265 926 2336 Quid
940 2266 1047 2321 faciam

296 2349 364 2418 quia
380 2348 511 2403 dominus
527 2365 609 2403 meus
625 2349 720 2403 aufert
735 2365 752 2402 a
766 2364 811 2402 me
825 2347 1048 2402 villicationem?

259 2437 276 2485 4
297 2429 395 2484 fodere
418 2446 475 2483 non
494 2431 590 2496 valeo,
614 2428 776 2483 mendicare
796 2428 942 2482 erubesco.
981 2427 1047 2482 Scio

296 2509 366 2578 quid
385 2509 500 2575 faciam,
526 2513 567 2576 ut,
587 2525 651 2562 cum
671 2512 784 2562 amotus
804 2508 885 2562 fuero
905 2525 922 2561 a
940 2507 1048 2561 villica-

260 2590 388 2655 btione,
413 2590 553 2658 recipiant
577 2605 624 2644 me
649 2590 677 2642 in
702 2588 801 2642 domos
821 2605 898 2642 suas.
936 2587 1046 2642 Convo-

297 2670 370 2723 catis
396 2670 494 2737 itaque
519 2670 639 2738 singulis
667 2669 843 2723 debitoribus
867 2668 973 2722 domini
993 2669 1045 2730 sui,

297 2749 413 2803 dicebat
430 2750 536 2817 primo:
556 2750 702 2819 Quantum
722 2749 810 2804 debes
829 2749 943 2804 domino
962 2750 1045 2803 meo?

351 3017 377 3050 26
392 3017 454 3057 quae

351 3086 378 3120 29
392 3078 506 3129 praeterii

353 3149 401 3202 lep
417 3146 484 3190 vilic·
500 3158 530 3190 etc

645 3228 685 3270 198
