2275 3434
208 139 369 207 ''dm-42²..
407 137 605 192 SECVNDVM
627 137 863 192 nlATTHaEt'tl.

115 321 199 362 aran.
211 303 244 352 31
266 299 418 368 spondens,
439 299 493 353 ait:
515 298 565 364 Eo,
584 298 706 365 domine,
726 303 755 353 et
774 316 832 352 non
851 297 910 350 ivit.
950 297 1024 365 quis

265 396 300 433 ex
324 379 435 434 dnobus
462 379 531 432 fecit
554 380 732 433 voluntatem
757 379 869 448 patris?
906 377 1025 430 Dicunt

265 461 305 514 ei:
338 459 459 513 Primus.
506 459 584 513 Dicit
615 458 671 513 illis
703 459 797 512 lesus:
830 460 921 512 Amen
950 456 1024 510 dico

265 541 361 607 vobis,
387 539 455 608 qnia
479 539 640 608 publicani,
666 543 695 594 et
713 539 879 594 meretrices
897 553 1025 607 praece-

128 641 142 672 1.
154 641 199 682 rar.
211 625 245 673 232
266 621 334 674 dent
352 637 404 673 vos
424 620 452 674 in
471 637 589 686 regnum
609 619 670 673 Dei.
708 620 792 674 Venit
811 620 886 672 enirn
905 617 942 672 ad
963 634 1023 670 vos

266 702 386 754 loannes
406 701 434 753 in
451 701 497 754 via
516 700 653 766 iustitiae,
673 704 702 755 et
720 717 777 754 non
796 698 959 753 credidistis
981 699 1021 751 ei.

265 780 410 850 publicani
430 785 534 848 autem,
553 785 583 835 et
599 781 763 835 meretrices
778 779 959 834 crediderunt
975 779 1020 832 ei:

265 879 317 916 vos
333 865 428 915 autern
441 861 572 916 videntes
587 879 640 916 nec
651 861 857 930 poenitentiam
870 859 1020 913 habuistis

265 946 376 1011 postea,
395 945 427 995 ut
447 942 602 996 crederetis
621 942 655 995 ei.

94 1003 178 1039 ³³4&
232 1027 237 1041 ι
374 1022 378 1032 ·
680 1022 684 1031 ·
1030 1016 1061 1041 ns

73 1049 102 1082 a,
115 1025 246 1092 12‚,-12,3d
337 1023 428 1076 Aliam
441 1023 608 1091 parabolam
620 1021 729 1075 audite:
744 1021 836 1075 Homo
846 1024 908 1074 erat
918 1024 1019 1088 pater·
1041 1070 1051 1095 ἒ

87 1095 102 1126 ¹¹
114 1096 201 1136 ΝΗ·
267 1101 399 1168 familias,
424 1103 471 1170 qui
491 1102 634 1170 plantavit
652 1102 774 1168 vineam,
796 1105 825 1156 et
844 1118 943 1170 sepem
961 1100 1019 1154 cir-

50 1175 201 1216 ⁹⁵2¹⁴·¹⁸⁵·¹·‘³·
267 1181 410 1238 cumdedit
430 1182 469 1248 ei,
491 1186 520 1235 et
540 1181 613 1235 fodit
632 1182 660 1234 in
680 1198 715 1235 ea
732 1182 869 1248 torcular,
889 1186 918 1235 et
937 1180 1018 1234 aedi-

266 1261 362 1316 ficavit
388 1262 503 1328 turrim,
532 1265 562 1316 et
588 1261 693 1315 locavit
718 1278 781 1315 eam
808 1261 956 1330 agricolis,
986 1268 1017 1314 et

212 1346 247 1394 34
265 1359 383 1411 peregre
411 1341 559 1410 profectus
588 1345 640 1396 est.
679 1341 750 1395 Cum
777 1345 873 1395 antem
898 1345 1016 1409 ternpus

266 1423 409 1476 inrctuurn
430 1421 704 1490 appropinquasset,
730 1422 809 1476 misit
827 1438 925 1475 servos
945 1437 1016 1474 suos

212 1506 246 1556 35
266 1503 303 1556 ad
327 1503 480 1570 agricolas,
506 1506 539 1555 ut
558 1503 721 1570 acciperent
740 1502 850 1555 fructus
870 1501 939 1555 eius
977 1499 1016 1555 Et

266 1583 420 1652 agricolae,
447 1582 634 1650 apprehensis
654 1582 745 1636 servis
765 1583 839 1647 eins,
864 1582 949 1634 alium
969 1597 1016 1634 ce-

266 1662 403 1728 ciderunt,
424 1662 510 1714 alium
530 1661 703 1728 occiderunt,
723 1662 808 1716 alium
823 1678 890 1715 vero
905 1661 1016 1731 lapida-

212 1748 246 1797 36
266 1745 376 1796 verunt.
413 1742 518 1795 lterum
535 1743 614 1796 misit
630 1743 701 1797 alios
716 1759 814 1796 servos
829 1743 925 1811 plures
939 1742 1014 1810 prio-

213 1829 246 1876 37
267 1823 359 1888 ribnS,
385 1826 414 1876 et
440 1822 570 1876 fecerunt
595 1823 650 1876 illis
677 1822 815 1876 similiter.
852 1821 1015 1876 Novissime

267 1906 363 1956 autem
380 1902 459 1955 misit
474 1902 510 1955 ad
526 1919 575 1956 eos
590 1903 678 1956 filium
693 1919 785 1968 suum,
802 1902 912 1956 dicens:
930 1901 1014 1955 Vere-

144 2005 201 2046 rrao.
213 1988 248 2036 338
266 1983 373 2037 buntur
385 1983 473 2036 filiurn
486 1999 589 2036 meum.
616 1983 763 2052 Agricolae
777 1986 872 2035 autem
883 1982 1013 2036 videntes

267 2063 363 2129 tilium,
379 2063 512 2117 dixerunt
526 2063 602 2117 intra
617 2080 660 2118 se:
677 2064 731 2117 Hic
745 2065 790 2116 est
803 2062 895 2129 heres,
910 2062 1012 2128 venite,

268 2143 430 2197 occidamus
442 2161 514 2210 eum,
526 2147 555 2198 et
564 2145 735 2198 habebimus
744 2142 933 2196 hereditatem
943 2143 1011 2196 eins

214 2230 247 2275 :tlt
266 2224 303 2278 Et
323 2225 533 2293 apprehensum
553 2242 618 2278 eum
638 2225 782 2278 eiecerunt
797 2226 879 2276 extra
892 2223 1011 2288 vineam,

213 2307 248 2356 40
268 2308 296 2358 et
315 2303 489 2358 occiderunt.
528 2304 599 2359 Cum
619 2321 686 2373 ergo
701 2304 811 2357 venerit
830 2303 960 2357 dominus
974 2304 1012 2355 vi-

213 2389 246 2438 41
267 2400 350 2451 neae,
378 2384 446 2452 quid
472 2384 559 2438 faciet
586 2384 718 2453 agricolis
742 2383 818 2436 illis‘?
854 2383 942 2436 Aiunt
960 2383 1010 2436 illi:

266 2464 356 2517 Malos
381 2465 455 2517 male
481 2465 595 2533 perdet:
621 2468 650 2517 et
672 2465 784 2517 vineam
809 2480 890 2517 suam
909 2463 1013 2517 locabit

268 2545 331 2598 aliis
351 2545 491 2613 agricolis
512 2545 557 2610 qni
577 2544 698 2598 reddant
717 2544 742 2597 ei
763 2544 886 2598 fructum
906 2549 1011 2612 tempo-

73 2611 95 2641 ¹¹'*
106 2612 203 2696 {iffffiffffj
214 2630 248 2678 42>
268 2625 346 2678 ribus
362 2625 430 2679 suis
459 2625 536 2678 Dicit
551 2625 606 2677 illis
621 2624 712 2678 lesus:
730 2624 889 2693 Numquam
904 2624 1011 2693 legistis

95 2699 203 2787 1p¹³2‚2’.³flj
268 2706 295 2758 in
316 2705 486 2774 Scripturis:

321 2926 346 2961 31
363 2942 385 2950 -
402 2918 423 2960 ei
450 2917 453 2968 Ι
479 2918 626 2970 praecedunt

321 2989 347 3023 aa
362 2982 431 3034 pater
445 2979 502 3022 iam.
529 2981 532 3034 Ι
558 2991 632 3034 saepe
657 2983 660 3031 1
686 2984 775 3024 turrem

321 3052 347 3085 :27
361 3043 442 3087 vereb.
458 3047 466 3090 ]
482 3041 502 3096 ᾗ
517 3047 543 3090 4-
557 3042 620 3086 torte

323 3113 346 3147 41
363 3127 385 3138 -
402 3117 470 3147 suam

622 3184 649 3225 58
