2275 3434
227 174 385 241 lull-18.
431 173 685 229 APOCALYPSIS
709 173 866 230 IOANNIS.

280 334 340 388 irae
355 333 416 401 Dei,
436 334 513 405 quod
531 335 648 391 mistum
667 339 713 389 est
731 350 808 390 mero
823 335 852 389 in
866 334 956 389 calice
968 334 1031 390 irae

281 414 382 485 ipsius
401 419 431 470 et
445 414 620 471 cruciabitur
633 416 708 486 igne,
728 421 757 471 et
771 416 906 485 sulphure
919 417 950 470 in
965 433 1031 471 con·

282 498 384 565 spectu
410 496 582 565 Angelorum
610 499 792 564 sanctorum,
817 499 846 551 et
872 499 940 551 ante
965 512 1031 551 con·

109 596 130 629 1.
140 596 218 636 nanu
228 576 260 631 ll
282 578 413 644 spectum
431 576 520 646 Agni:
540 579 570 631 et
590 575 685 631 fumus
704 579 911 631 tormentorum
932 592 1031 632 eorum

170 642 218 683 ¹⁹²³·
282 655 419 711 ascendet
438 654 467 709 in
486 656 603 711 saecula
627 656 818 712 saeculorum:
844 673 897 711 nec
922 657 1031 713 habent

281 736 408 806 requiem
427 735 473 791 die
492 753 527 791 ac
544 740 645 805 nocte,
664 737 714 808 qui
732 736 924 793 adoraverunt
942 737 1031 793 besti-

282 833 344 885 am,
368 820 398 872 et
416 817 571 887 imaginem
590 818 668 885 eiuS,
694 821 724 873 et
748 818 773 873 si
797 818 861 888 quis
887 820 1031 889 acceperit

169 917 217 958 aa.
228 899 262 952 12
282 897 477 952 characterem
508 897 632 953 nominis
665 898 735 953 eius.
803 898 857 953 Hic
888 899 1031 967 patientia

89 961 146 1003 ¹⁸'¹⁰'
158 963 217 1005 ¹²’¹⁷‘
281 976 451 1033 Sanctorum
471 981 530 1046 est,
554 978 604 1047 qui
628 978 794 1034 custodiunt
812 978 951 1033 mandata
969 979 1031 1047 Dei,

57 1075 132 1121 ujus.
144 1078 216 1121 auu.
228 1059 262 1113 13
281 1061 311 1113 et
329 1057 414 1112 fidem
433 1058 506 1113 lesu.
538 1058 576 1113 Et
595 1058 691 1114 audivi
709 1073 808 1114 vocem
828 1058 864 1113 de
882 1060 972 1126 caelo,
991 1058 1030 1113 di·

107 1124 217 1167 ¹¹³¹⁶’⁶⁸·
281 1142 394 1193 centem
418 1138 502 1193 mihi:
530 1137 645 1194 Scribe:
671 1138 755 1195 Beati
778 1139 900 1208 mortui,
926 1140 977 1209 qui
1001 1140 1030 1194 in

281 1218 403 1274 Domino
417 1218 586 1275 moriuntur.
611 1219 721 1275 Amodo
740 1220 797 1274 iam
812 1218 882 1274 dicit
896 1218 1030 1289 Spiritus

281 1302 313 1353 ut
331 1300 514 1369 requiescant
534 1316 552 1354 a
569 1299 716 1355 laboribus
739 1301 815 1355 suis:
841 1316 931 1371 opera
955 1301 1030 1355 enim

57 1398 147 1442 anum
160 1402 217 1443 nun.
228 1381 263 1435 14
281 1380 392 1434 illorum
410 1384 571 1450 sequuntur
588 1380 660 1437 illos
697 1382 734 1435 Et
752 1380 811 1435 vidi
835 1384 863 1435 et
889 1396 956 1435 ecce
981 1398 1030 1435 nu-

89 1446 217 1486 ”‘¹⁸’⁸⁹·⁴¹·
280 1459 346 1514 bem
379 1459 542 1516 candidam:
572 1464 601 1517 et
629 1478 717 1531 super
743 1462 848 1516 nubem
882 1461 1030 1517 sedentem

281 1539 402 1595 similem
415 1539 487 1596 Filio
502 1541 634 1609 hominia,
653 1542 806 1597 habentem
820 1542 850 1595 in
865 1542 961 1612 capite
979 1558 1029 1596 suo

281 1637 415 1677 coronam
434 1637 559 1690 auream,
579 1625 608 1677 et
626 1622 656 1677 in
674 1638 761 1677 manu
777 1638 831 1677 sua
845 1622 950 1677 falcem
966 1638 1031 1677 acu-

112 1704 262 1766 u0014‚1a.15
280 1705 350 1757 tam.
412 1701 450 1757 Et
477 1702 550 1757 alius
577 1703 704 1773 Angelus
732 1702 821 1773 exivit
851 1701 886 1757 de
914 1703 1031 1773 templo,

128 1769 158 1802 ¹¹⁰
169 1770 217 1811 ⁴³²⁹·
282 1782 409 1837 clamans
428 1798 498 1837 voce
521 1800 628 1853 magna
647 1783 683 1838 ad
702 1782 850 1838 sedentem
874 1798 962 1853 super
981 1800 1031 1837 nu·

280 1863 361 1918 bem:
385 1863 467 1918 Mitte
485 1863 590 1918 falcem
608 1867 703 1933 tuam,
723 1866 752 1918 et
769 1866 845 1918 mete
865 1864 934 1933 quia
951 1863 1032 1918 venit

281 1942 353 1997 hora
370 1946 403 1998 ut
416 1946 551 2011 metatur,
569 1944 704 2014 quoniam
721 1944 796 1998 aruit
809 1943 913 1999 messis
928 1947 1031 1998 terrae.

228 2027 262 2079 16
281 2022 318 2078 Et
341 2023 421 2079 misit
449 2024 498 2093 qui
522 2023 644 2079 sedebat
670 2040 756 2093 super
780 2023 904 2092 nubem,
928 2024 1032 2079 falcem

228 2106 260 2160 17
281 2119 364 2159 suam
383 2104 412 2159 in
431 2107 553 2173 terram,
579 2109 609 2159 et
627 2104 761 2160 demessa
785 2107 831 2159 est
849 2108 935 2160 terra.
995 2104 1032 2159 Et

281 2184 355 2239 alius
373 2184 499 2253 Angelus
519 2186 609 2240 exivit
634 2184 669 2240 de
692 2186 815 2255 templo,
840 2184 918 2255 quod
937 2188 984 2240 est
1003 2184 1032 2239 in

112 2285 158 2321 ua
169 2287 217 2329 un.
229 2268 262 2321 18
281 2265 376 2333 caelo,
404 2264 514 2320 habens
539 2268 570 2321 et
594 2266 657 2336 ipse
684 2266 786 2321 falcem
807 2269 932 2321 acutam.
996 2265 1032 2320 llt

189 2334 216 2365 ¹⁶·
282 2345 354 2399 alius
368 2346 496 2416 Angelus
510 2346 599 2401 exivit
613 2346 649 2401 de
663 2346 755 2415 altari,
775 2347 823 2417 qui
840 2346 968 2401 habebat
982 2363 1032 2417 po-

280 2428 418 2481 testatem
428 2442 517 2497 supra
529 2426 639 2497 ignem:
652 2430 681 2482 et
696 2426 832 2482 clamavit
843 2442 914 2482 voce
925 2443 1033 2497 magna

281 2506 319 2562 ad
338 2522 420 2575 eum,
438 2506 487 2577 qui
505 2507 633 2564 habebat
652 2507 755 2563 falcem
774 2510 897 2574 acutam,
918 2506 1031 2562 dicens:

334 2657 360 2694 ιο
374 2652 415 2705 qui
428 2649 517 2695 mixtus
541 2652 546 2706 Ι
573 2662 630 2707 ang.
646 2654 690 2703 [et]
705 2653 784 2696 sanct.

333 2720 358 2757 11
372 2713 397 2756 in
412 2723 477 2757 saec.
492 2724 558 2758 saec.
573 2715 686 2758 ascendit
710 2716 715 2770 Ι
740 2714 835 2768 accepit
850 2716 874 2757 A
900 2714 904 2768 1
929 2720 979 2767 crs

334 2776 493 2819 w-mF

333 2844 359 2881 13
374 2858 398 2870 -
413 2837 472 2882 mibi
491 2838 648 2892 {moriuntur
663 2840 770 2883 amodo.
786 2838 1035 2895 adissem-{AF

334 2905 360 2942 14
373 2909 449 2954 snpra
462 2902 488 2941 F
500 2906 533 2955 ‚u
545 2907 572 2943 16
593 2900 597 2955 Ι
618 2900 710 2953 (filium)
745 2907 770 2945 15
784 2901 847 2945 alter
866 2904 870 2954 Ι
890 2912 985 2945 messes
999 2900 1033 2941 Αἱ

334 2966 361 3004 10
374 2971 455 3005 messa
476 2962 515 3005 est
535 2964 553 3006 t.
573 2961 640 3017 ΜΔ
662 2963 765 3008 messuit
784 2965 874 3008 terrum
891 2964 918 3005 F
938 2964 1032 3007 demes-

281 3022 331 3066 suit
345 3033 400 3067 eam
413 3023 435 3077 ξ

333 3091 359 3127 18
374 3104 398 3117 -
418 3084 494 3129 exivit
522 3086 526 3137 Ι
556 3085 632 3130 babet
652 3086 718 3141 mit
750 3088 754 3139 t
784 3087 860 3133 -ad
881 3088 1035 3142 sumum

281 3145 496 3199 t„qu12⁰omA⁸“
515 3148 576 3200 mg)
602 3149 605 3201 Ι
631 3148 705 3193 habet
717 3149 745 3193 2⁰
760 3148 818 3197 &21¹

624 3226 666 3272 640
