2275 3434
265 159 405 227 lta-14.
492 161 692 218 sacvuovu
712 130 873 219 uiaavu.

168 340 253 382 uum.
318 321 346 375 in
369 322 515 391 parabolis
538 323 629 393 loqui:
656 323 775 379 Vineam
794 326 953 394 pastinavit
974 326 1074 383 homo.

318 406 347 456 et
364 402 550 457 circumdedit
565 420 671 474 sepem,
691 409 720 460 et
735 404 809 460 fodit
823 406 926 471 lacum,
945 410 977 461 et
993 409 1075 461 aedi-
1105 436 1107 439 ·

317 483 414 537 licavit
439 483 554 550 turrim,
584 488 612 538 et
637 486 744 540 locavit
770 503 834 540 eam
860 486 1013 555 agricolis,
1046 497 1075 542 et

280 565 297 615 2
316 579 435 632 peregre
456 562 604 632 profectus
624 570 677 620 est.
714 566 751 620 Et
769 567 849 622 misit
867 566 904 621 ad
923 568 1074 636 agricolas
1105 612 1107 615 .

316 643 346 697 in
371 647 500 712 tempore
525 661 640 699 servum
662 650 694 700 ut
714 647 750 700 ab
770 647 902 716 agricolis
921 648 1073 718 acciperet

280 722 352 778 3de
387 724 482 778 fructu
513 725 623 780 vineae.
670 727 725 796 Qui
757 728 968 797 apprehensum
1005 747 1074 784 enm

279 806 298 855 4
316 803 488 872 ceciderunt,
508 809 537 860 et
556 805 727 863 dimiserunt
742 825 873 862 vacuum.
905 807 943 862 Et
961 808 1075 863 iterum

315 885 394 938 misit
411 884 448 938 ad
462 885 524 940 illos
540 886 627 941 alium
642 903 769 942 servum:
790 892 819 942 et
832 888 911 942 illum
925 887 955 942 in
970 891 1075 959 capite

280 967 296 1017 5
315 965 548 1033 vulneraverunt,
573 970 603 1020 et
626 968 805 1022 contumeliis
824 967 994 1023 affecerunt.
1036 971 1073 1024 El

315 1061 426 1099 rursum
454 1046 539 1100 alium
563 1047 656 1114 misit,
683 1052 712 1102 et
731 1048 808 1101 illum
827 1047 1014 1103 occiderunt:
1045 1059 1072 1104 et

314 1124 410 1192 plures
437 1125 522 1179 alios:
549 1127 691 1195 quosdam
709 1127 878 1195 caedenteS,
905 1128 976 1182 alios
1000 1148 1072 1184 vero

279 1208 295 1256 o·
314 1203 487 1259 occidentes
525 1205 626 1261 Adhuc
650 1223 717 1277 ergo
739 1224 827 1262 unum
845 1208 955 1261 habens
974 1210 1071 1265 filium

315 1284 529 1340 charissimum:
556 1290 585 1340 et
610 1287 689 1341 illum
714 1288 792 1342 misit
817 1288 853 1342 ad
873 1305 922 1342 eos
941 1290 1072 1345 novissi-

314 1381 400 1431 mum,
416 1364 528 1420 dicens:
549 1366 623 1436 Quia
636 1368 842 1422 reverebuntur
856 1369 944 1422 filium
959 1387 1070 1425 meum.

279 1448 293 1496 7
315 1443 413 1498 Coloni
440 1449 535 1500 autem
562 1447 695 1502 dixerunt
720 1447 758 1502 ad
781 1449 917 1503 invicem:
943 1448 1001 1503 Hic
1024 1457 1068 1505 est

314 1523 411 1578 heres:
431 1526 539 1593 venite,
558 1527 723 1582 occidamus
743 1545 821 1582 eum:
842 1534 871 1583 et
888 1532 990 1583 nostra
1013 1534 1067 1586 erit

160 1623 179 1654 a
192 1624 249 1664 upa.
278 1609 294 1657 8
313 1603 465 1659 hereditas¹
486 1605 522 1661 Et
536 1608 784 1677 apprehendentes
798 1625 870 1675 eum,
883 1609 1068 1666 occiderunt:

278 1688 293 1736 9
314 1688 341 1738 et
364 1685 507 1741 eiecerunt
528 1691 611 1742 extra
629 1688 751 1742 vineam.
790 1689 864 1758 Quid
886 1706 953 1757 ergo
973 1690 1066 1746 faciet

313 1763 451 1818 Dominus
470 1767 592 1822 vineae?
629 1769 743 1835 Veniet,
765 1774 794 1823 et
812 1769 913 1842 perdet
932 1770 1067 1826 colonos:

112 1862 136 1897 a.
148 1865 247 1906 namu.
260 1848 294 1898 10
313 1847 342 1898 et
368 1843 447 1899 dabit
470 1847 584 1902 vineam
609 1849 681 1902 aliia.
718 1850 777 1903 Nec
795 1849 967 1917 scripturam
986 1850 1066 1906 hanc

311 1924 437 1992 legistis:

347 2023 497 2093 Lapidem,
517 2044 602 2095 quem
621 2027 846 2096 reprobaverunt
866 2027 1064 2093 aedificantes,

382 2103 428 2158 hic
446 2105 542 2160 factus
562 2111 607 2161 est
626 2107 654 2161 in
674 2111 762 2177 caput
781 2107 890 2176 anguli:

259 2185 289 2236 ll
345 2185 369 2237 A
390 2185 509 2240 Domino
530 2186 639 2242 factum
659 2192 704 2241 est
723 2187 809 2255 istud,

382 2269 410 2319 et
430 2268 474 2320 est
492 2267 622 2322 mirabile
642 2269 670 2320 in
690 2268 779 2322 oculis
799 2269 924 2323 nostris?

258 2365 290 2416 12
309 2363 346 2418 Et
380 2365 558 2432 quaerebant
592 2383 657 2419 eum
689 2370 803 2420 tenere:
842 2371 870 2422 et
902 2369 1092 2444 timuerunt?

309 2443 430 2498 turham.
469 2449 665 2514 cognoverunt
691 2447 766 2500 enim
789 2448 924 2516 quoniam
947 2449 984 2502 ad
1008 2467 1061 2505 eos

308 2523 476 2592 parabolam
517 2525 592 2578 hanc
633 2524 744 2581 dixerit.
804 2527 841 2581 Et
883 2529 981 2583 relicto
1024 2548 1060 2586 eo

141 2639 215 2674 re-u:
310 2604 450 2659 abierunt.
1069 2610 1092 2675 32¹*

107 2683 237 2764 Mgggffl}
256 2687 289 2738 13
379 2683 416 2737 Et
442 2684 561 2739 mittunt
587 2685 624 2739 ad
649 2703 713 2740 eum
737 2688 876 2757 quosdam
901 2707 935 2744 ex
958 2681 1083 2746 Phari?

169 2752 174 2772 '
207 2755 243 2835 ΜΖ
309 2764 403 2829 sacia,
433 2766 461 2816 et
488 2763 677 2833 Herodianis,
710 2772 742 2822 ut
773 2785 837 2822 eum
865 2774 1000 2839 caperent
1028 2772 1058 2826 in

256 2848 289 2900 14
307 2843 404 2897 verbo.
460 2842 515 2911 Qui
540 2847 690 2901 venientes
716 2847 814 2903 dicunt
840 2849 883 2903 ei:
912 2850 1056 2920 Magister,

364 3055 412 3109 12,1
427 3057 517 3102 turrem
