<?xml version="1.0" encoding="UTF-8"?>
<!DOCTYPE html PUBLIC "-//W3C//DTD XHTML 1.0 Transitional//EN"
    "http://www.w3.org/TR/xhtml1/DTD/xhtml1-transitional.dtd">
<html xmlns="http://www.w3.org/1999/xhtml" xml:lang="en" lang="en">
 <head>
  <title>
</title>
<meta http-equiv="Content-Type" content="text/html;charset=utf-8" />
  <meta name='ocr-system' content='tesseract 3.04.00' />
  <meta name='ocr-capabilities' content='ocr_page ocr_carea ocr_par ocr_line ocrx_word'/>
</head>
<body>
  <div class='ocr_page' id='page_1' title='image "./novumtestamentu01nestgoog_0382.png"; bbox 0 0 2275 3434; ppageno 0'>
   <div class='ocr_carea' id='block_1_1' title="bbox 223 161 867 232">
    <p class='ocr_par' dir='ltr' id='par_1_1' title="bbox 223 161 867 232">
     <span class='ocr_line' id='line_1_1' title="bbox 223 161 867 232; baseline -0.012 -9"><span class='ocrx_word' id='word_1_1' title='bbox 223 164 412 232; x_wconf 65' lang='lat' dir='ltr'>luas-lau.</span> <span class='ocrx_word' id='word_1_2' title='bbox 445 162 565 218; x_wconf 83' lang='lat' dir='ltr'>ACTVS</span> <span class='ocrx_word' id='word_1_3' title='bbox 585 161 867 217; x_wconf 84' lang='lat' dir='ltr'>APOSTOLORVM.</span> 
     </span>
    </p>
   </div>
   <div class='ocr_carea' id='block_1_2' title="bbox 105 320 1037 1518">
    <p class='ocr_par' dir='ltr' id='par_1_2' title="bbox 105 320 1036 1035">
     <span class='ocr_line' id='line_1_2' title="bbox 108 320 1031 393; baseline -0.002 -16"><span class='ocrx_word' id='word_1_4' title='bbox 108 338 110 354; x_wconf 82' lang='lat'><strong>¹</strong></span> <span class='ocrx_word' id='word_1_5' title='bbox 198 329 261 379; x_wconf 60' lang='lat' dir='ltr'>atti</span> <span class='ocrx_word' id='word_1_6' title='bbox 281 325 360 391; x_wconf 89' lang='lat' dir='ltr'>lesu,</span> <span class='ocrx_word' id='word_1_7' title='bbox 388 324 482 378; x_wconf 86' lang='lat' dir='ltr'>sciens</span> <span class='ocrx_word' id='word_1_8' title='bbox 507 326 621 379; x_wconf 87' lang='lat' dir='ltr'>tantum</span> <span class='ocrx_word' id='word_1_9' title='bbox 645 323 791 393; x_wconf 84' lang='lat' dir='ltr'>baptisma</span> <span class='ocrx_word' id='word_1_10' title='bbox 815 320 941 377; x_wconf 88' lang='lat' dir='ltr'>loannis.</span> <span class='ocrx_word' id='word_1_11' title='bbox 979 322 1031 375; x_wconf 87' lang='lat' dir='ltr'>Hic</span> 
     </span>
     <span class='ocr_line' id='line_1_3' title="bbox 275 403 1031 475; baseline 0 -18"><span class='ocrx_word' id='word_1_12' title='bbox 275 422 348 475; x_wconf 83' lang='lat' dir='ltr'>ergo</span> <span class='ocrx_word' id='word_1_13' title='bbox 382 404 476 474; x_wconf 89' lang='lat' dir='ltr'>coepit</span> <span class='ocrx_word' id='word_1_14' title='bbox 503 404 675 459; x_wconf 87' lang='lat' dir='ltr'>fiducialiter</span> <span class='ocrx_word' id='word_1_15' title='bbox 702 419 787 473; x_wconf 79' lang='lat' dir='ltr'>agere</span> <span class='ocrx_word' id='word_1_16' title='bbox 816 403 844 457; x_wconf 94' lang='lat' dir='ltr'>in</span> <span class='ocrx_word' id='word_1_17' title='bbox 872 420 1031 473; x_wconf 83' lang='lat' dir='ltr'>synagoga.</span> 
     </span>
     <span class='ocr_line' id='line_1_4' title="bbox 281 483 1033 555; baseline -0.003 -16"><span class='ocrx_word' id='word_1_18' title='bbox 281 486 372 555; x_wconf 85' lang='lat' dir='ltr'>Quem</span> <span class='ocrx_word' id='word_1_19' title='bbox 391 502 455 539; x_wconf 90' lang='lat' dir='ltr'>cum</span> <span class='ocrx_word' id='word_1_20' title='bbox 475 484 627 539; x_wconf 79' lang='lat' dir='ltr'><strong>audissent</strong></span> <span class='ocrx_word' id='word_1_21' title='bbox 643 484 774 538; x_wconf 82' lang='lat' dir='ltr'>Priscilla</span> <span class='ocrx_word' id='word_1_22' title='bbox 793 487 823 538; x_wconf 88' lang='lat' dir='ltr'>et</span> <span class='ocrx_word' id='word_1_23' title='bbox 840 483 962 553; x_wconf 85' lang='lat' dir='ltr'>Aquila,</span> <span class='ocrx_word' id='word_1_24' title='bbox 989 501 1033 537; x_wconf 87' lang='lat' dir='ltr'>as-</span> 
     </span>
     <span class='ocr_line' id='line_1_5' title="bbox 281 563 1034 635; baseline -0.004 -15"><span class='ocrx_word' id='word_1_25' title='bbox 281 568 466 635; x_wconf 86' lang='lat' dir='ltr'>sumpserunt</span> <span class='ocrx_word' id='word_1_26' title='bbox 479 582 554 632; x_wconf 90' lang='lat' dir='ltr'>eum,</span> <span class='ocrx_word' id='word_1_27' title='bbox 574 569 603 619; x_wconf 89' lang='lat' dir='ltr'>et</span> <span class='ocrx_word' id='word_1_28' title='bbox 618 564 782 633; x_wconf 86' lang='lat' dir='ltr'>diligentius</span> <span class='ocrx_word' id='word_1_29' title='bbox 795 567 994 633; x_wconf 85' lang='lat' dir='ltr'>exposuerunt</span> <span class='ocrx_word' id='word_1_30' title='bbox 1008 563 1034 618; x_wconf 89' lang='lat' dir='ltr'>ei</span> 
     </span>
     <span class='ocr_line' id='line_1_6' title="bbox 129 642 1033 712; baseline -0.001 -13"><span class='ocrx_word' id='word_1_31' title='bbox 129 666 169 699; x_wconf 71' lang='lat' dir='ltr'>arr</span> <span class='ocrx_word' id='word_1_32' title='bbox 180 668 216 706; x_wconf 76' lang='lat' dir='ltr'>ar.</span> <span class='ocrx_word' id='word_1_33' title='bbox 227 650 261 702; x_wconf 77' lang='lat'>27</span> <span class='ocrx_word' id='word_1_34' title='bbox 282 646 358 700; x_wconf 88' lang='lat' dir='ltr'>viam</span> <span class='ocrx_word' id='word_1_35' title='bbox 372 646 494 700; x_wconf 86' lang='lat' dir='ltr'>Domini.</span> <span class='ocrx_word' id='word_1_36' title='bbox 523 645 595 699; x_wconf 89' lang='lat' dir='ltr'>Cum</span> <span class='ocrx_word' id='word_1_37' title='bbox 614 649 711 699; x_wconf 90' lang='lat' dir='ltr'>autern</span> <span class='ocrx_word' id='word_1_38' title='bbox 727 645 812 699; x_wconf 87' lang='lat' dir='ltr'>vellet</span> <span class='ocrx_word' id='word_1_39' title='bbox 828 644 870 699; x_wconf 86' lang='lat' dir='ltr'>ire</span> <span class='ocrx_word' id='word_1_40' title='bbox 883 642 1033 712; x_wconf 82' lang='lat' dir='ltr'>Achaiam,</span> 
     </span>
     <span class='ocr_line' id='line_1_7' title="bbox 120 711 1034 795; baseline -0.002 -14"><span class='ocrx_word' id='word_1_41' title='bbox 120 711 217 753; x_wconf 50' lang='grc' dir='ltr'>ΜΨ·</span> <span class='ocrx_word' id='word_1_42' title='bbox 282 726 424 780; x_wconf 84' lang='lat' dir='ltr'>exhortati</span> <span class='ocrx_word' id='word_1_43' title='bbox 458 726 579 792; x_wconf 67' lang='lat' dir='ltr'>france,</span> <span class='ocrx_word' id='word_1_44' title='bbox 611 726 789 795; x_wconf 87' lang='lat' dir='ltr'>scripserunt</span> <span class='ocrx_word' id='word_1_45' title='bbox 819 723 971 794; x_wconf 83' lang='lat' dir='ltr'>discipulis</span> <span class='ocrx_word' id='word_1_46' title='bbox 1004 729 1034 779; x_wconf 90' lang='lat' dir='ltr'>ut</span> 
     </span>
     <span class='ocr_line' id='line_1_8' title="bbox 282 805 1035 875; baseline -0.001 -14"><span class='ocrx_word' id='word_1_47' title='bbox 282 807 461 875; x_wconf 83' lang='lat' dir='ltr'>susciperent</span> <span class='ocrx_word' id='word_1_48' title='bbox 480 822 553 861; x_wconf 88' lang='lat' dir='ltr'>eum.</span> <span class='ocrx_word' id='word_1_49' title='bbox 591 806 646 875; x_wconf 84' lang='lat' dir='ltr'>Qui</span> <span class='ocrx_word' id='word_1_50' title='bbox 665 822 730 860; x_wconf 90' lang='lat' dir='ltr'>cum</span> <span class='ocrx_word' id='word_1_51' title='bbox 748 805 891 872; x_wconf 87' lang='lat' dir='ltr'>venisset,</span> <span class='ocrx_word' id='word_1_52' title='bbox 911 805 1035 861; x_wconf 89' lang='lat' dir='ltr'>contulit</span> 
     </span>
     <span class='ocr_line' id='line_1_9' title="bbox 105 884 1036 956; baseline -0.003 -14"><span class='ocrx_word' id='word_1_53' title='bbox 105 888 401 951; x_wconf 74' lang='lat' dir='ltr'>o,22;1r,a281nultum</span> <span class='ocrx_word' id='word_1_54' title='bbox 434 888 494 954; x_wconf 90' lang='lat' dir='ltr'>his,</span> <span class='ocrx_word' id='word_1_55' title='bbox 527 887 576 956; x_wconf 87' lang='lat' dir='ltr'>qui</span> <span class='ocrx_word' id='word_1_56' title='bbox 608 885 796 941; x_wconf 82' lang='lat' dir='ltr'>crediderant.</span> <span class='ocrx_word' id='word_1_57' title='bbox 842 884 1036 940; x_wconf 81' lang='lat' dir='ltr'>Vehementer</span> 
     </span>
     <span class='ocr_line' id='line_1_10' title="bbox 282 965 1036 1035; baseline -0.003 -14"><span class='ocrx_word' id='word_1_58' title='bbox 282 968 356 1021; x_wconf 85' lang='lat' dir='ltr'>enirn</span> <span class='ocrx_word' id='word_1_59' title='bbox 383 967 503 1022; x_wconf 86' lang='lat' dir='ltr'>ludaeos</span> <span class='ocrx_word' id='word_1_60' title='bbox 530 967 696 1021; x_wconf 83' lang='lat' dir='ltr'>revincebat</span> <span class='ocrx_word' id='word_1_61' title='bbox 720 966 849 1035; x_wconf 90' lang='lat' dir='ltr'>publice,</span> <span class='ocrx_word' id='word_1_62' title='bbox 875 965 1036 1021; x_wconf 89' lang='lat' dir='ltr'>ostendens</span> 
     </span>
    </p>

    <p class='ocr_par' dir='ltr' id='par_1_3' title="bbox 281 1046 894 1117">
     <span class='ocr_line' id='line_1_11' title="bbox 281 1046 894 1117; baseline -0.005 -15"><span class='ocrx_word' id='word_1_63' title='bbox 281 1064 333 1117; x_wconf 88' lang='lat' dir='ltr'>per</span> <span class='ocrx_word' id='word_1_64' title='bbox 352 1048 523 1117; x_wconf 67' lang='lat' dir='ltr'>Scripturas</span> <span class='ocrx_word' id='word_1_65' title='bbox 543 1064 608 1102; x_wconf 88' lang='lat' dir='ltr'>esse</span> <span class='ocrx_word' id='word_1_66' title='bbox 628 1046 773 1101; x_wconf 83' lang='lat' dir='ltr'>Christum</span> <span class='ocrx_word' id='word_1_67' title='bbox 792 1047 894 1100; x_wconf 90' lang='lat' dir='ltr'>Iesum.</span> 
     </span>
    </p>

    <p class='ocr_par' dir='ltr' id='par_1_4' title="bbox 227 1122 1037 1357">
     <span class='ocr_line' id='line_1_12' title="bbox 227 1122 1037 1196; baseline -0.001 -14"><span class='ocrx_word' id='word_1_68' title='bbox 227 1122 264 1192; x_wconf 77' lang='grc'>19</span> <span class='ocrx_word' id='word_1_69' title='bbox 353 1128 473 1182; x_wconf 86' lang='lat' dir='ltr'>Factum</span> <span class='ocrx_word' id='word_1_70' title='bbox 505 1132 551 1183; x_wconf 87' lang='lat' dir='ltr'>est</span> <span class='ocrx_word' id='word_1_71' title='bbox 582 1131 695 1194; x_wconf 88' lang='lat' dir='ltr'>autern,</span> <span class='ocrx_word' id='word_1_72' title='bbox 728 1144 792 1181; x_wconf 90' lang='lat' dir='ltr'>cum</span> <span class='ocrx_word' id='word_1_73' title='bbox 821 1127 922 1196; x_wconf 88' lang='lat' dir='ltr'>Apollo</span> <span class='ocrx_word' id='word_1_74' title='bbox 957 1132 1037 1181; x_wconf 89' lang='lat' dir='ltr'>esset</span> 
     </span>
     <span class='ocr_line' id='line_1_13' title="bbox 282 1206 1037 1277; baseline -0.001 -15"><span class='ocrx_word' id='word_1_75' title='bbox 282 1208 426 1275; x_wconf 86' lang='lat' dir='ltr'>Corinthi,</span> <span class='ocrx_word' id='word_1_76' title='bbox 455 1212 487 1262; x_wconf 92' lang='lat' dir='ltr'>ut</span> <span class='ocrx_word' id='word_1_77' title='bbox 513 1206 620 1263; x_wconf 88' lang='lat' dir='ltr'>Paulus</span> <span class='ocrx_word' id='word_1_78' title='bbox 647 1207 809 1277; x_wconf 81' lang='lat' dir='ltr'>peragratis</span> <span class='ocrx_word' id='word_1_79' title='bbox 837 1207 1037 1276; x_wconf 81' lang='lat' dir='ltr'>superioribus</span> 
     </span>
     <span class='ocr_line' id='line_1_14' title="bbox 282 1287 1037 1357; baseline 0 -16"><span class='ocrx_word' id='word_1_80' title='bbox 282 1289 413 1357; x_wconf 88' lang='lat' dir='ltr'>partibus</span> <span class='ocrx_word' id='word_1_81' title='bbox 457 1290 567 1343; x_wconf 90' lang='lat' dir='ltr'>veniret</span> <span class='ocrx_word' id='word_1_82' title='bbox 609 1288 771 1357; x_wconf 88' lang='lat' dir='ltr'>Ephesum,</span> <span class='ocrx_word' id='word_1_83' title='bbox 817 1291 847 1342; x_wconf 88' lang='lat' dir='ltr'>et</span> <span class='ocrx_word' id='word_1_84' title='bbox 891 1287 1037 1342; x_wconf 90' lang='lat' dir='ltr'>inveniret</span> 
     </span>
    </p>

    <p class='ocr_par' dir='ltr' id='par_1_5' title="bbox 169 1366 1037 1518">
     <span class='ocr_line' id='line_1_15' title="bbox 169 1366 1036 1438; baseline 0 -16"><span class='ocrx_word' id='word_1_85' title='bbox 169 1392 218 1431; x_wconf 64' lang='lat' dir='ltr'>aas.</span> <span class='ocrx_word' id='word_1_86' title='bbox 247 1368 422 1438; x_wconf 79' lang='lat' dir='ltr'>2quosdam</span> <span class='ocrx_word' id='word_1_87' title='bbox 451 1369 627 1437; x_wconf 84' lang='lat' dir='ltr'>Discipulos:</span> <span class='ocrx_word' id='word_1_88' title='bbox 656 1368 810 1437; x_wconf 76' lang='lat' dir='ltr'>ldixitque</span> <span class='ocrx_word' id='word_1_89' title='bbox 839 1366 876 1421; x_wconf 92' lang='lat' dir='ltr'>ad</span> <span class='ocrx_word' id='word_1_90' title='bbox 903 1384 971 1422; x_wconf 89' lang='lat' dir='ltr'>eos:</span> <span class='ocrx_word' id='word_1_91' title='bbox 1004 1368 1036 1422; x_wconf 90' lang='lat' dir='ltr'>Si</span> 
     </span>
     <span class='ocr_line' id='line_1_16' title="bbox 283 1446 1037 1518; baseline 0.001 -16"><span class='ocrx_word' id='word_1_92' title='bbox 283 1449 421 1517; x_wconf 89' lang='lat' dir='ltr'>Spiritum</span> <span class='ocrx_word' id='word_1_93' title='bbox 449 1454 582 1504; x_wconf 91' lang='lat' dir='ltr'>sanctum</span> <span class='ocrx_word' id='word_1_94' title='bbox 610 1448 764 1518; x_wconf 89' lang='lat' dir='ltr'>accepistis</span> <span class='ocrx_word' id='word_1_95' title='bbox 788 1446 961 1502; x_wconf 84' lang='lat' dir='ltr'>credentes?</span> <span class='ocrx_word' id='word_1_96' title='bbox 999 1448 1037 1503; x_wconf 89' lang='lat' dir='ltr'>At</span> 
     </span>
    </p>
   </div>
   <div class='ocr_carea' id='block_1_3' title="bbox 247 1527 1131 1679">
    <p class='ocr_par' dir='ltr' id='par_1_6' title="bbox 247 1527 1131 1679">
     <span class='ocr_line' id='line_1_17' title="bbox 283 1527 1131 1610; baseline 0.002 -28"><span class='ocrx_word' id='word_1_97' title='bbox 283 1528 322 1582; x_wconf 89' lang='lat' dir='ltr'>illi</span> <span class='ocrx_word' id='word_1_98' title='bbox 348 1528 480 1583; x_wconf 88' lang='lat' dir='ltr'>dixerunt</span> <span class='ocrx_word' id='word_1_99' title='bbox 507 1528 543 1583; x_wconf 93' lang='lat' dir='ltr'>ad</span> <span class='ocrx_word' id='word_1_100' title='bbox 568 1546 649 1583; x_wconf 89' lang='lat' dir='ltr'>eum:</span> <span class='ocrx_word' id='word_1_101' title='bbox 675 1527 734 1583; x_wconf 88' lang='lat' dir='ltr'>Sed</span> <span class='ocrx_word' id='word_1_102' title='bbox 751 1544 844 1598; x_wconf 87' lang='lat' dir='ltr'>neque</span> <span class='ocrx_word' id='word_1_103' title='bbox 863 1528 888 1581; x_wconf 91' lang='lat' dir='ltr'>si</span> <span class='ocrx_word' id='word_1_104' title='bbox 908 1527 1036 1597; x_wconf 86' lang='lat' dir='ltr'>Spiritus</span> <span class='ocrx_word' id='word_1_105' title='bbox 1129 1583 1131 1610; x_wconf 81' lang='lat'>÷</span> 
     </span>
     <span class='ocr_line' id='line_1_18' title="bbox 247 1609 1131 1679; baseline 0 -15"><span class='ocrx_word' id='word_1_106' title='bbox 247 1614 402 1665; x_wconf 88' lang='lat' dir='ltr'>3sanctus</span> <span class='ocrx_word' id='word_1_107' title='bbox 421 1613 474 1676; x_wconf 89' lang='lat' dir='ltr'>est,</span> <span class='ocrx_word' id='word_1_108' title='bbox 495 1609 663 1664; x_wconf 88' lang='lat' dir='ltr'>audivimus.</span> <span class='ocrx_word' id='word_1_109' title='bbox 697 1609 745 1664; x_wconf 92' lang='lat' dir='ltr'>llle</span> <span class='ocrx_word' id='word_1_110' title='bbox 764 1625 831 1663; x_wconf 89' lang='lat' dir='ltr'>vero</span> <span class='ocrx_word' id='word_1_111' title='bbox 851 1609 906 1663; x_wconf 91' lang='lat' dir='ltr'>ait:</span> <span class='ocrx_word' id='word_1_112' title='bbox 926 1609 959 1663; x_wconf 90' lang='lat' dir='ltr'>In</span> <span class='ocrx_word' id='word_1_113' title='bbox 979 1628 1035 1679; x_wconf 90' lang='lat' dir='ltr'>quo</span> <span class='ocrx_word' id='word_1_114' title='bbox 1129 1613 1131 1632; x_wconf 79' lang='lat'><strong>²</strong></span> 
     </span>
    </p>
   </div>
   <div class='ocr_carea' id='block_1_4' title="bbox 133 1690 1035 1921">
    <p class='ocr_par' dir='ltr' id='par_1_7' title="bbox 133 1690 1035 1921">
     <span class='ocr_line' id='line_1_19' title="bbox 283 1690 1035 1759; baseline 0 -15"><span class='ocrx_word' id='word_1_115' title='bbox 283 1704 350 1759; x_wconf 83' lang='lat' dir='ltr'>ergo</span> <span class='ocrx_word' id='word_1_116' title='bbox 369 1690 510 1759; x_wconf 87' lang='lat' dir='ltr'>baptizati</span> <span class='ocrx_word' id='word_1_117' title='bbox 530 1690 622 1745; x_wconf 82' lang='lat' dir='ltr'>estis?</span> <span class='ocrx_word' id='word_1_118' title='bbox 659 1690 714 1759; x_wconf 88' lang='lat' dir='ltr'>Qui</span> <span class='ocrx_word' id='word_1_119' title='bbox 733 1690 881 1744; x_wconf 85' lang='lat' dir='ltr'>dixerunt:</span> <span class='ocrx_word' id='word_1_120' title='bbox 903 1690 935 1743; x_wconf 92' lang='lat' dir='ltr'>ln</span> <span class='ocrx_word' id='word_1_121' title='bbox 955 1690 1035 1745; x_wconf 89' lang='lat' dir='ltr'>loan-</span> 
     </span>
     <span class='ocr_line' id='line_1_20' title="bbox 133 1770 1033 1839; baseline 0.001 -15"><span class='ocrx_word' id='word_1_122' title='bbox 133 1791 218 1834; x_wconf 76' lang='lat' dir='ltr'>man.</span> <span class='ocrx_word' id='word_1_123' title='bbox 246 1770 327 1827; x_wconf 88' lang='lat' dir='ltr'>4nis</span> <span class='ocrx_word' id='word_1_124' title='bbox 346 1771 529 1839; x_wconf 85' lang='lat' dir='ltr'>baptismate.</span> <span class='ocrx_word' id='word_1_125' title='bbox 558 1770 639 1825; x_wconf 87' lang='lat' dir='ltr'>Dixit</span> <span class='ocrx_word' id='word_1_126' title='bbox 657 1775 753 1825; x_wconf 87' lang='lat' dir='ltr'>autern</span> <span class='ocrx_word' id='word_1_127' title='bbox 772 1771 891 1824; x_wconf 86' lang='lat' dir='ltr'>Paulus:</span> <span class='ocrx_word' id='word_1_128' title='bbox 912 1770 1033 1825; x_wconf 73' lang='lat' dir='ltr'>loannes</span> 
     </span>
     <span class='ocr_line' id='line_1_21' title="bbox 282 1850 1028 1921; baseline -0.004 -17"><span class='ocrx_word' id='word_1_129' title='bbox 282 1850 443 1919; x_wconf 81' lang='lat' dir='ltr'>baptizavit</span> <span class='ocrx_word' id='word_1_130' title='bbox 478 1851 624 1920; x_wconf 87' lang='lat' dir='ltr'>baptismo</span> <span class='ocrx_word' id='word_1_131' title='bbox 661 1851 855 1921; x_wconf 88' lang='lat' dir='ltr'>poenitentiae</span> <span class='ocrx_word' id='word_1_132' title='bbox 887 1852 1028 1919; x_wconf 87' lang='lat' dir='ltr'>populum,</span> 
     </span>
    </p>
   </div>
   <div class='ocr_carea' id='block_1_5' title="bbox 67 1921 1131 2240">
    <p class='ocr_par' dir='ltr' id='par_1_8' title="bbox 284 1921 1131 2001">
     <span class='ocr_line' id='line_1_22' title="bbox 284 1921 1131 2001; baseline 0.001 -18"><span class='ocrx_word' id='word_1_133' title='bbox 284 1930 395 1985; x_wconf 89' lang='lat' dir='ltr'>dicens:</span> <span class='ocrx_word' id='word_1_134' title='bbox 428 1931 459 1984; x_wconf 88' lang='lat' dir='ltr'>ln</span> <span class='ocrx_word' id='word_1_135' title='bbox 492 1947 572 1997; x_wconf 87' lang='lat' dir='ltr'>eum,</span> <span class='ocrx_word' id='word_1_136' title='bbox 605 1932 653 1999; x_wconf 91' lang='lat' dir='ltr'>qui</span> <span class='ocrx_word' id='word_1_137' title='bbox 685 1934 824 1985; x_wconf 87' lang='lat' dir='ltr'>venturus</span> <span class='ocrx_word' id='word_1_138' title='bbox 857 1935 936 1985; x_wconf 89' lang='lat' dir='ltr'>esset</span> <span class='ocrx_word' id='word_1_139' title='bbox 969 1933 1031 2001; x_wconf 90' lang='lat' dir='ltr'>post</span> <span class='ocrx_word' id='word_1_140' title='bbox 1129 1921 1131 1984; x_wconf 65' lang='grc' dir='ltr'>ἶ</span> 
     </span>
    </p>

    <p class='ocr_par' dir='ltr' id='par_1_9' title="bbox 248 1999 1131 2080">
     <span class='ocr_line' id='line_1_23' title="bbox 248 1999 1131 2080; baseline -0.006 -12"><span class='ocrx_word' id='word_1_141' title='bbox 248 2010 392 2080; x_wconf 84' lang='lat' dir='ltr'>5ipsum,</span> <span class='ocrx_word' id='word_1_142' title='bbox 411 2014 445 2065; x_wconf 91' lang='lat' dir='ltr'>ut</span> <span class='ocrx_word' id='word_1_143' title='bbox 463 2011 625 2078; x_wconf 87' lang='lat' dir='ltr'>crederent,</span> <span class='ocrx_word' id='word_1_144' title='bbox 644 2011 698 2065; x_wconf 92' lang='lat' dir='ltr'>hoc</span> <span class='ocrx_word' id='word_1_145' title='bbox 716 2014 775 2078; x_wconf 90' lang='lat' dir='ltr'>est,</span> <span class='ocrx_word' id='word_1_146' title='bbox 794 2010 823 2063; x_wconf 93' lang='lat' dir='ltr'>in</span> <span class='ocrx_word' id='word_1_147' title='bbox 841 2010 945 2065; x_wconf 90' lang='lat' dir='ltr'>Iesum.</span> <span class='ocrx_word' id='word_1_148' title='bbox 984 2010 1033 2065; x_wconf 91' lang='lat' dir='ltr'>His</span> <span class='ocrx_word' id='word_1_149' title='bbox 1129 1999 1131 2056; x_wconf 76' lang='lat' dir='ltr'>l</span> 
     </span>
    </p>

    <p class='ocr_par' dir='ltr' id='par_1_10' title="bbox 285 2090 1131 2162">
     <span class='ocr_line' id='line_1_24' title="bbox 285 2090 1131 2162; baseline 0 -17"><span class='ocrx_word' id='word_1_150' title='bbox 285 2091 399 2158; x_wconf 72' lang='lat' dir='ltr'>auditis</span> <span class='ocrx_word' id='word_1_151' title='bbox 418 2091 559 2160; x_wconf 89' lang='lat' dir='ltr'>baptizati</span> <span class='ocrx_word' id='word_1_152' title='bbox 577 2096 645 2146; x_wconf 91' lang='lat' dir='ltr'>sunt</span> <span class='ocrx_word' id='word_1_153' title='bbox 660 2092 689 2144; x_wconf 91' lang='lat' dir='ltr'>in</span> <span class='ocrx_word' id='word_1_154' title='bbox 703 2091 817 2145; x_wconf 87' lang='lat' dir='ltr'>nomine</span> <span class='ocrx_word' id='word_1_155' title='bbox 831 2090 947 2145; x_wconf 89' lang='lat' dir='ltr'>Domini</span> <span class='ocrx_word' id='word_1_156' title='bbox 962 2092 1033 2145; x_wconf 89' lang='lat' dir='ltr'>lesu.</span> <span class='ocrx_word' id='word_1_157' title='bbox 1129 2133 1131 2162; x_wconf 92' lang='lat'><strong>:</strong></span> 
     </span>
    </p>

    <p class='ocr_par' dir='ltr' id='par_1_11' title="bbox 67 2170 1131 2240">
     <span class='ocr_line' id='line_1_25' title="bbox 67 2170 1131 2240; baseline -0.002 -13"><span class='ocrx_word' id='word_1_158' title='bbox 67 2196 117 2237; x_wconf 62' lang='lat' dir='ltr'>an,</span> <span class='ocrx_word' id='word_1_159' title='bbox 128 2196 218 2237; x_wconf 67' lang='lat' dir='ltr'>ranna</span> <span class='ocrx_word' id='word_1_160' title='bbox 248 2180 264 2229; x_wconf 83' lang='lat'>6</span> <span class='ocrx_word' id='word_1_161' title='bbox 283 2172 320 2225; x_wconf 87' lang='lat' dir='ltr'>Et</span> <span class='ocrx_word' id='word_1_162' title='bbox 339 2188 402 2225; x_wconf 85' lang='lat' dir='ltr'>curn</span> <span class='ocrx_word' id='word_1_163' title='bbox 421 2170 607 2240; x_wconf 86' lang='lat' dir='ltr'>imposuisset</span> <span class='ocrx_word' id='word_1_164' title='bbox 625 2171 680 2224; x_wconf 88' lang='lat' dir='ltr'>illis</span> <span class='ocrx_word' id='word_1_165' title='bbox 699 2187 801 2225; x_wconf 90' lang='lat' dir='ltr'>manus</span> <span class='ocrx_word' id='word_1_166' title='bbox 820 2170 936 2237; x_wconf 81' lang='lat' dir='ltr'>PauluS,</span> <span class='ocrx_word' id='word_1_167' title='bbox 956 2170 1034 2225; x_wconf 90' lang='lat' dir='ltr'>venit</span> <span class='ocrx_word' id='word_1_168' title='bbox 1129 2171 1131 2230; x_wconf 75' lang='grc' dir='ltr'>ξ</span> 
     </span>
    </p>
   </div>
   <div class='ocr_carea' id='block_1_6' title="bbox 284 2251 1035 2320">
    <p class='ocr_par' dir='ltr' id='par_1_12' title="bbox 284 2251 1035 2320">
     <span class='ocr_line' id='line_1_26' title="bbox 284 2251 1035 2320; baseline 0 -15"><span class='ocrx_word' id='word_1_169' title='bbox 284 2251 409 2320; x_wconf 85' lang='lat' dir='ltr'>Spiritus</span> <span class='ocrx_word' id='word_1_170' title='bbox 437 2255 555 2305; x_wconf 87' lang='lat' dir='ltr'>sanctus</span> <span class='ocrx_word' id='word_1_171' title='bbox 584 2267 670 2320; x_wconf 87' lang='lat' dir='ltr'>super</span> <span class='ocrx_word' id='word_1_172' title='bbox 698 2267 762 2318; x_wconf 79' lang='lat' dir='ltr'>coe,</span> <span class='ocrx_word' id='word_1_173' title='bbox 790 2255 818 2306; x_wconf 94' lang='lat' dir='ltr'>et</span> <span class='ocrx_word' id='word_1_174' title='bbox 843 2251 1035 2320; x_wconf 87' lang='lat' dir='ltr'>loquebantur</span> 
     </span>
    </p>
   </div>
   <div class='ocr_carea' id='block_1_7' title="bbox 338 2609 642 2949">
    <p class='ocr_par' dir='ltr' id='par_1_13' title="bbox 338 2609 525 2660">
     <span class='ocr_line' id='line_1_27' title="bbox 338 2609 525 2660; baseline 0.005 -9"><span class='ocrx_word' id='word_1_175' title='bbox 338 2616 364 2652; x_wconf 74' lang='lat'>26</span> <span class='ocrx_word' id='word_1_176' title='bbox 379 2610 446 2653; x_wconf 88' lang='lat' dir='ltr'>Dum.</span> <span class='ocrx_word' id='word_1_177' title='bbox 461 2613 470 2660; x_wconf 96' lang='grc'><strong>]</strong></span> <span class='ocrx_word' id='word_1_178' title='bbox 486 2609 525 2653; x_wconf 86' lang='lat' dir='ltr'>dei</span> 
     </span>
    </p>

    <p class='ocr_par' dir='ltr' id='par_1_14' title="bbox 338 2680 642 2806">
     <span class='ocr_line' id='line_1_28' title="bbox 338 2680 642 2734; baseline 0.003 -11"><span class='ocrx_word' id='word_1_179' title='bbox 338 2688 364 2723; x_wconf 78' lang='grc'>28</span> <span class='ocrx_word' id='word_1_180' title='bbox 378 2680 474 2734; x_wconf 87' lang='lat' dir='ltr'>publico</span> <span class='ocrx_word' id='word_1_181' title='bbox 487 2696 504 2723; x_wconf 87' lang='lat' dir='ltr'>c.</span> <span class='ocrx_word' id='word_1_182' title='bbox 517 2695 574 2733; x_wconf 71' lang='lat' dir='ltr'>seqq.</span> <span class='ocrx_word' id='word_1_183' title='bbox 588 2686 642 2724; x_wconf 75' lang='lat' dir='ltr'>coni.</span> 
     </span>
     <span class='ocr_line' id='line_1_29' title="bbox 338 2751 609 2806; baseline 0.011 -13"><span class='ocrx_word' id='word_1_184' title='bbox 338 2752 385 2805; x_wconf 79' lang='grc'>19,1</span> <span class='ocrx_word' id='word_1_185' title='bbox 402 2751 467 2806; x_wconf 54' lang='lat' dir='ltr'>§de</span> <span class='ocrx_word' id='word_1_186' title='bbox 482 2752 609 2806; x_wconf 83' lang='lat' dir='ltr'>discipulis</span> 
     </span>
    </p>

    <p class='ocr_par' dir='ltr' id='par_1_15' title="bbox 338 2821 517 2869">
     <span class='ocr_line' id='line_1_30' title="bbox 338 2821 517 2869; baseline 0.006 -3"><span class='ocrx_word' id='word_1_187' title='bbox 338 2830 351 2866; x_wconf 81' lang='lat'><em>2</em></span> <span class='ocrx_word' id='word_1_188' title='bbox 366 2844 389 2856; x_wconf 97' lang='lat'>-</span> <span class='ocrx_word' id='word_1_189' title='bbox 404 2821 517 2869; x_wconf 82' lang='lat' dir='ltr'>dixerunt</span> 
     </span>
    </p>

    <p class='ocr_par' dir='ltr' id='par_1_16' title="bbox 338 2894 489 2949">
     <span class='ocr_line' id='line_1_31' title="bbox 338 2894 489 2949; baseline 0.013 -12"><span class='ocrx_word' id='word_1_190' title='bbox 338 2900 351 2937; x_wconf 75' lang='grc'>4</span> <span class='ocrx_word' id='word_1_191' title='bbox 366 2894 489 2949; x_wconf 80' lang='lat' dir='ltr'>baptisma</span> 
     </span>
    </p>
   </div>
   <div class='ocr_carea' id='block_1_8' title="bbox 0 0 1144 3434">
    <p class='ocr_par' dir='ltr' id='par_1_17' title="bbox 0 0 1144 3434">
     <span class='ocr_line' id='line_1_32' title="bbox 0 0 1144 3434; baseline 0 0"><span class='ocrx_word' id='word_1_192' title='bbox 0 0 1144 3434; x_wconf 95' lang='lat' dir='ltr'> </span> 
     </span>
    </p>
   </div>
  </div>
 </body>
</html>
