2275 3434
228 156 482 218 APOCALYPSIS
505 154 663 218 IOANNIS.
701 154 886 230 tale-tha

87 323 248 379 sedentium
266 323 296 377 in
314 324 400 394 ipsiS,
419 327 449 378 et
468 339 570 378 carnes
589 324 714 378 omnium
733 323 834 378 libero·

86 422 165 472 rum,
185 407 214 459 et
232 420 393 472 servorum,
413 409 442 459 et
461 405 643 474 pusillorum,
670 408 699 460 et
717 421 834 474 magno-

86 503 157 540 rum.
194 485 231 540 Et
256 484 314 540 vidi
339 485 478 552 bestiam,
506 489 535 540 et
561 501 644 554 reges
668 489 779 552 terrae,
806 488 835 539 et
855 487 888 537 19
898 503 922 537 r.
932 505 969 546 sp.

87 566 232 621 exercitus
265 581 362 620 eorum
389 569 579 634 congregatos
607 565 644 620 ad
671 563 835 621 iaciendum
898 550 997 636 iiiiii?
1029 634 1032 638 ⁴

86 646 225 716 praelium
251 662 316 700 oum
341 645 403 713 illo,
429 645 477 715 qui
497 645 619 700 sedebat
643 644 780 716 ineque,
806 649 836 698 et

87 744 152 781 curn
172 727 299 781 exercitu
318 726 388 781 aius
415 725 452 780 Et
470 726 651 796 apprehensa
669 728 714 781 est
733 725 835 792 bestia,
855 728 932 780 20o12
944 747 1002 786 aar.

88 815 201 862 etcum
225 823 262 861 ea
287 805 554 877 pseudopropheta:
583 807 632 876 qui
658 806 728 861 fecit
753 806 837 875 signa
899 791 996 876 fflsffssfi,

88 903 184 942 coram
203 887 282 956 ipso,
302 886 406 956 quibus
425 887 540 942 seduxit
560 901 626 953 eos,
651 887 700 956 qui
720 901 837 956 accepe·
900 881 1060 966 311131147-

88 971 155 1023 runt
175 967 370 1022 characterem
387 967 508 1035 hestiae,
528 967 625 1036 etqui
645 965 838 1022 adoraverunt
901 967 1021 1010 misam.

88 1047 242 1117 imaginem
270 1047 339 1102 eius.
377 1046 440 1102 Vivi
467 1047 548 1101 missi
577 1050 646 1101 sunt
670 1046 699 1100 hi
725 1047 781 1102 duo
809 1047 838 1100 in

89 1132 224 1197 stagnum
251 1128 326 1197 ignis
352 1127 479 1182 ardentis
505 1127 655 1197 sulphure:
688 1127 724 1182 Et
751 1127 839 1194 ceteri
857 1130 1029 1190 mannan.

89 1208 178 1264 occisi
203 1212 271 1263 sunt
295 1209 325 1262 in
351 1205 446 1277 gladio
472 1207 601 1263 sedentis
620 1223 707 1277 super
726 1223 839 1278 equum,

90 1289 140 1358 qui
164 1287 294 1357 procedit
318 1287 353 1342 de
380 1305 428 1343 ore
454 1287 560 1358 ipsius:
587 1291 617 1344 et
643 1304 741 1344 omnes
771 1303 840 1342 aves

90 1370 239 1424 saturatae
259 1372 326 1423 sunt
346 1369 479 1427 carnibus
499 1385 605 1423 eorum.

163 1448 210 1503 ET
228 1447 287 1502 vidi
301 1449 441 1518 Angelum
460 1448 682 1504 descendentem
701 1447 736 1504 de
753 1449 840 1516 caelo,
851 1441 894 1513 20
904 1471 940 1510 aa.
957 1469 1042 1511 eren.

90 1529 245 1584 habentem
265 1530 374 1584 clavem
390 1529 496 1598 abyssi,
516 1533 546 1584 et
560 1533 693 1584 catenam
706 1545 841 1598 magnam
904 1513 931 1547 Μ
942 1515 960 1548 ⁶·

91 1610 121 1664 in
139 1625 227 1664 manu
246 1625 307 1664 sua.
340 1608 377 1664 Et
396 1609 585 1678 apprehendit
604 1609 765 1676 draconem,
783 1625 841 1663 ser·
860 1615 877 1665 2
905 1628 1064 1671 manzara.

92 1695 208 1760 pentem
228 1689 393 1758 antiquum,
412 1689 461 1758 qui
480 1692 527 1743 est
546 1683 690 1755 diabolus,
715 1692 746 1742 et
765 1693 842 1742 sata·
906 1677 953 1716 Μ·

92 1787 161 1838 nas,
181 1773 210 1825 et
228 1769 328 1840 ligavit
347 1785 412 1824 euin
430 1785 482 1838 per
501 1785 592 1822 annos
610 1769 699 1822 mille:
720 1773 748 1822 et
764 1769 843 1822 misit
861 1773 878 1826 3
905 1791 955 1824 em
966 1792 1032 1832 aaa.

93 1867 158 1906 eum
177 1851 206 1904 in
225 1849 370 1918 abyssum,
390 1852 420 1904 et
439 1849 551 1916 elausit,
571 1852 601 1903 et
615 1849 741 1918 signavit
755 1865 843 1918 super

92 1932 171 1986 illum
188 1934 296 1986 utnon
316 1929 436 1984 seducat
462 1929 586 1998 amplius
608 1931 727 1998 gentes,
752 1927 843 1983 donec

93 2015 327 2067 consummentur
344 2009 420 2066 mille
439 2010 520 2064 anni:
541 2013 571 2064 et
589 2009 743 2079 posthaec
761 2025 843 2079 opor·

93 2095 136 2146 tet
161 2092 240 2146 illum
268 2091 339 2146 solvi
366 2089 478 2146 modico
506 2093 643 2160 tempore.
720 2088 758 2144 Et
784 2088 879 2147 vidis
906 2111 1045 2153 massan.

93 2171 186 2239 sedes,
206 2175 236 2227 et
254 2171 390 2227 sederunt
408 2187 495 2241 super
514 2186 573 2238 eas,
593 2173 622 2224 et
639 2169 775 2224 iudicium
794 2169 843 2224 da·
906 2157 993 2244 ,Βὲξέ

93 2256 155 2307 tum
174 2255 219 2306 est
238 2252 306 2307 illis:
327 2256 356 2307 et
375 2253 486 2306 animas
506 2249 710 2322 decollatorum
725 2253 844 2320 propter

93 2332 289 2388 testimonium
323 2333 405 2400 Iesu,
432 2335 462 2388 et
489 2335 608 2402 propter
634 2330 754 2386 verbum
781 2331 843 2397 Dei,

94 2417 123 2468 et
160 2412 209 2482 qui
245 2429 302 2466 non
339 2413 530 2467 adoraverunt
566 2411 707 2479 bestiam,
749 2425 843 2480 neque

94 2491 247 2562 imaginem
266 2492 343 2560 eius,
369 2508 422 2546 nec
448 2495 622 2562 aeceperunt
647 2491 842 2546 characterem

93 2575 155 2628 eius
180 2574 208 2628 in
236 2573 394 2639 frontibus,
423 2575 473 2627 aut
498 2573 527 2626 in
553 2571 686 2627 manibus
711 2572 788 2640 suia,
814 2575 843 2626 et
883 2580 885 2585 '

146 2761 172 2798 18
186 2756 212 2798 et
224 2754 251 2796 60
264 2753 358 2803 8⁰]ac
425 2759 489 2796 ra—
505 2753 570 2795 et4⁰
585 2755 610 2793 F
633 2752 637 2806 1
662 2752 792 2796 exercitum
807 2751 842 2794 Δί

146 2815 172 2852 20
187 2811 238 2858 aa]
257 2807 300 2850 illo
330 2809 334 2859 Ι
363 2805 454 2860 pseudo
472 2806 588 2860 tophet-ae
602 2808 627 2846 F
654 2806 658 2857 1
688 2817 739 2848 oar·
752 2808 805 2847 AF
828 2807 831 2858 1

94 2867 117 2914 >
133 2861 172 2914 oui
186 2862 211 2906 et
236 2863 240 2914 1
265 2861 397 2923 adorant]
424 2817 531 2903 arianus
547 2862 591 2908 [ac]
616 2860 621 2913 1
646 2859 757 2912 sulphora
772 2860 798 2900 F

145 2922 272 2968 alequam
289 2917 332 2965 [at]
348 2925 387 2967 qur

147 2977 206 3031 θοᾷ
222 2977 362 3022 descentam
375 2975 408 3017 At

146 3031 273 3075 2dracho-
288 3032 313 3071 F
335 3031 338 3083 Ι
365 3039 427 3084 serp.
444 3029 530 3081 [iilum]
545 3029 595 3072 ant.
621 3027 626 3080 Ι
652 3026 728 3080 (illud)

146 3085 247 3129 antusia
260 3088 284 3127 Α
310 3086 314 3139 1
341 3105 364 3116 -
381 3083 448 3127 etet

147 3139 208 3192 4(-
224 3140 270 3191 est)
297 3139 300 3192 Ι
326 3149 377 3182 car·
393 3139 443 3179 AF
466 3136 470 3190 1
497 3157 520 3168 -
536 3133 682 3188 εἰαεῖᾞ]

456 3216 496 3260 651
