2275 3434
258 163 457 222 SECVNDVM
478 167 639 222 MARCVM.
725 170 866 236 5,21-35.

22 321 36 400 ζ’
134 325 172 378 Et
184 342 247 380 eum
259 328 486 383 transcendisset
496 329 576 383 lesus
586 329 615 382 in
625 329 692 382 navi
701 347 815 384 rursum
833 334 865 384 21

50 409 145 458 trans
161 401 275 474 fretum,
293 409 426 463 convenit
440 410 525 464 turba
540 411 631 464 multa
646 409 682 464 ad
697 426 771 476 eum,
786 414 815 464 et
980 477 984 486 .

52 489 126 540 erat
151 485 227 540 cirea
250 504 338 542 mare.
375 489 412 543 Et
434 489 511 544 venit
533 489 651 558 quidam
670 489 705 544 de
725 491 815 544 archi·
833 493 869 543 22
879 466 1006 551 aiissa

52 567 220 635 synagogis
239 569 353 624 nomine
367 569 473 624 Iairus:
494 573 523 624 et
538 569 640 624 videns
658 587 731 638 eum,
750 588 815 640 pro·
877 555 894 586 L
905 557 992 596 ⁸²⁴¹'⁶⁰'

53 646 132 700 cidit
161 645 198 700 ad
225 647 313 716 pedes
340 649 416 716 eiua,
459 653 489 703 et
514 649 724 723 deprecabatur
750 668 814 705 eum
833 654 868 704 23
878 669 925 713 aa.

53 727 197 794 multum,
217 727 328 782 dicens:
354 729 495 798 Quoniam
513 729 572 784 filia
591 747 655 784 mea
674 731 704 784 in
722 734 814 785 extre-

53 806 114 859 mis
136 810 190 872 est,
209 807 289 874 Veni,
313 809 428 877 impone
447 827 564 864 manum
583 827 670 878 super
688 829 760 878 eam,
782 816 815 866 ut

54 887 144 940 salva
172 887 226 953 sit,
255 890 285 940 et
311 887 399 941 vivat.
441 888 477 941 Et
506 888 577 964 abiit
606 906 670 943 eum
694 891 757 957 illo,
785 895 815 945 et
833 895 869 946 24

56 967 240 1032 sequebatur
265 976 341 1019 eum¹
357 967 443 1020 turba
466 969 569 1034 multa,
596 972 625 1022 et
648 971 814 1038 comprime·

56 1044 135 1097 liant
155 1059 227 1097 eum.
277 1045 320 1099 nt
337 1046 446 1114 mulier,
466 1064 540 1116 quae
556 1052 619 1102 erat
632 1049 661 1102 in
675 1050 813 1119 profluvio
832 1055 867 1106 25

58 1123 213 1192 sanguinis
241 1125 323 1179 annis
350 1125 514 1195 duodecim,
552 1132 581 1182 et
606 1129 701 1184 suerat
723 1133 814 1186 multa
832 1137 867 1187 26
917 1136 919 1141 ’

55 1219 201 1272 perpessa
230 1221 247 1258 a
275 1206 468 1274 compluribus
496 1208 630 1264 medicis:
660 1213 689 1264 et
715 1227 813 1280 eroga-

56 1286 142 1337 verat
169 1284 265 1338 omnia
291 1303 359 1354 sua,
385 1305 438 1342 nec
464 1288 622 1358 quidquam
640 1291 812 1360 profecerat,

57 1363 111 1416 sed
140 1364 232 1433 magis
259 1365 386 1423 deterius
411 1368 553 1423 habebat:
592 1387 657 1425 cum
683 1371 813 1427 audisset
831 1377 865 1427 27

59 1444 95 1496 de
115 1444 188 1512 lesu,
207 1447 335 1502 venitin
355 1449 441 1504 turba
459 1452 545 1518 retro,
564 1455 595 1505 et
613 1452 709 1522 tetigit
725 1454 812 1507 vesti·

60 1527 188 1578 mentum
216 1526 294 1581 eius:
321 1528 459 1584 'dicebat
486 1531 579 1584 enim:
613 1532 686 1601 Quia
714 1533 739 1587 si
766 1535 812 1586 vel
830 1537 866 1587 28

59 1604 264 1660 vestimentum
297 1608 359 1665 eius
392 1609 529 1679 tetigero,
563 1613 645 1666 salva
672 1630 729 1668 ero.
775 1614 812 1667 Et
829 1617 864 1667 29

60 1685 213 1740 confestim
241 1687 367 1743 siccatus
394 1694 439 1744 est
465 1689 536 1760 fons¹
557 1693 707 1761 sanguinis
734 1694 810 1748 eius:
904 1741 908 1747 ,

60 1770 88 1818 et
115 1767 207 1823 sensit
231 1783 348 1838 corpore
373 1770 440 1838 quia
459 1774 563 1825 sanata
582 1776 661 1826 esset
680 1791 698 1826 a
715 1775 809 1842 plaga.

59 1845 95 1898 Et
134 1845 233 1900 statim
265 1848 344 1903 lesus
382 1850 411 1904 in
444 1852 600 1920 semetipso
634 1870 810 1922 cognoscens
829 1856 949 1907 30Ln10·

61 1926 211 1993 virtutem,
236 1945 309 1996 quae
330 1930 439 1984 exierat
459 1930 493 1985 de
513 1932 574 2000 illo,
598 1949 753 1988 conversus
774 1935 811 1988 ad

62 2005 184 2073 turbam,
204 2007 312 2062 aiebat:
333 2009 403 2078 Quis
422 2011 519 2080 tetigit
535 2013 709 2067 vestimenta
727 2016 810 2068 mea?

63 2085 99 2138 Et
124 2085 257 2142 dicebant
285 2089 311 2142 ei
338 2089 469 2158 discipuli
495 2092 554 2145 sui:
584 2093 670 2146 Vides
695 2095 810 2148 turham
829 2099 862 2150 31

62 2165 294 2234 comprimentem
314 2171 356 2236 te,
382 2173 411 2223 et
430 2169 514 2224 dicis:
540 2171 610 2240 Quis
629 2189 674 2226 me
693 2173 810 2242 tetigit?

61 2247 98 2300 Et
130 2246 379 2316 circumspiciebat
410 2249 506 2304 videre
540 2267 620 2319 eam,
653 2271 727 2322 quae
757 2255 811 2309 hoc
829 2259 864 2309 32

61 2327 176 2382 fecerat.
228 2329 328 2382 Mulier
364 2347 431 2386 vero
469 2331 574 2386 timens
612 2336 641 2387 et
674 2337 809 2402 tremene,
829 2340 863 2390 33

61 2407 154 2460 sciens
187 2407 264 2476 quod
296 2409 405 2464 factum
434 2415 512 2466 esset
539 2412 568 2466 in
597 2429 641 2479 se,
674 2414 753 2469 venit
781 2419 810 2470 et

61 2486 182 2556 procidit
209 2492 275 2543 ante
301 2507 381 2559 eum,
408 2496 437 2546 ct
460 2492 532 2547 dixit
556 2493 582 2546 ei
606 2511 718 2549 omnem
738 2497 809 2550 veri-

61 2571 159 2622 tatem.
210 2569 258 2622 Ille
296 2575 393 2625 autem
430 2572 503 2626 dixit
535 2574 576 2627 ei:
614 2574 701 2642 Filia,
738 2577 809 2631 fides
828 2581 863 2632 34

61 2653 112 2700 tua
147 2650 176 2701 te
214 2650 324 2704 salvam
361 2651 444 2706 feeit:
481 2653 555 2708 vade
592 2654 622 2707 in
658 2672 743 2725 pace,
780 2661 810 2712 et

61 2730 124 2782 esto
147 2745 220 2782 sana
239 2745 256 2782 a
274 2731 361 2800 plaga
378 2735 438 2786 tua.
493 2733 595 2788 Adhuc
614 2751 647 2789 eo
666 2737 809 2805 loquente,
828 2740 862 2792 35

60 2807 178 2862 veniunt
211 2809 246 2862 ab
281 2811 523 2882 archisynagogo,
556 2815 702 2870 dicentes:
736 2816 810 2886 Quia

61 2887 119 2941 filia
141 2891 192 2942 tua
216 2894 330 2945 mortua
354 2895 415 2946 est:
442 2893 510 2962 quid
536 2896 612 2949 ultra
636 2913 726 2950 vexas
751 2896 809 2950 Ma-

113 3028 137 3065 21
176 3024 330 3070 ascendisset
342 3029 345 3078 Ι
356 3037 439 3070 rursus
452 3026 456 3080 f
468 3038 521 3076 eum
529 3032 537 3078 ]
546 3028 614 3072 illum
647 3037 674 3073 23
683 3030 704 3085 p
713 3041 809 3073 manum

61 3077 127 3119 tuam
176 3089 262 3120 manus
285 3080 495 3130 aeeum2⁰lillum
517 3083 679 3136 2cqm'cquam
702 3084 807 3135 29quia]

63 3129 123 3181 quod
180 3137 207 3174 30
223 3135 245 3181 >
262 3143 332 3186 cogn.
347 3132 373 3176 in
388 3134 533 3188 semetipso
559 3141 563 3190 Ι
589 3137 619 3180 de
634 3148 662 3180 eo
691 3136 808 3188 (cf.p.98)

427 3213 455 3258 97
777 3221 791 3255 7
