2275 3434
292 102 411 157 lorus
436 101 718 164 Arosronouvn.
783 102 924 170 nis-14.
1009 84 1033 112 ·’

115 264 213 317 Deum
233 280 285 332 pro
305 279 347 317 eo.
403 263 474 317 Cum
490 266 586 317 autem
601 263 791 331 producturus
806 268 906 318 eumd
935 286 1011 328 sexu.

115 348 200 398 esset
219 342 357 409 Herodes„
376 343 405 396 in
424 343 489 411 ipsa
507 347 591 397 nocte
611 347 673 397 erat
686 344 789 397 Petrus
809 344 871 397 dor·
989 332 992 341 Δ

114 424 213 477 miens
232 424 308 477 inter
326 422 397 477 duos
414 423 528 490 milites
546 423 661 477 vinctus
679 424 788 477 catenis
803 424 872 478 dua-

113 504 189 557 bus:
220 506 251 557 et
279 502 413 557 custodes
442 506 508 557 ante
537 503 643 557 ostium
670 503 872 558 custodiebant

115 600 274 638 carcerem.
311 583 349 637 nt
376 600 442 638 eece
468 583 593 651 Angelus
621 582 735 637 Domini
764 584 907 639 astititz'l
936 606 1012 649 aran
1025 608 1071 648 an.

115 667 149 719 et
173 666 271 719 lumen
294 663 407 718 refulsit
425 664 455 717 in
474 663 653 717 habitaculo:
678 680 872 732 percussoque

114 747 210 799 latere
240 744 334 809 Petri,
363 743 498 798 excitavit
526 759 606 819 eum,
635 742 747 797 dicens:
781 743 872 813 Surge

116 824 267 879 velociter.
304 823 341 877 Et
364 823 528 878 ceciderunt
547 827 666 877 catenae
685 822 720 877 de
739 823 872 877 manibus

117 906 192 959 eius,
223 903 305 958 Dixit
324 908 420 957 autem
438 904 564 973 Angelus
585 902 621 958 ad
641 920 719 957 eum:
739 904 872 957 Praecin-
891 909 908 959 8

119 1002 203 1055 gere,
225 986 256 1038 et
275 984 418 1038 calceate
438 984 546 1051 caligas
565 987 640 1038 tuas
677 984 714 1037 Et
734 983 803 1038 fecit
821 984 871 1037 sic.

119 1064 156 1120 Et
171 1065 248 1119 dixit
262 1064 314 1118 illi:
331 1063 482 1119 Circumda
496 1063 549 1117 tibi
563 1063 768 1118 vestimentum
782 1069 871 1131 tuum,

119 1150 150 1200 et
175 1160 298 1213 sequere
323 1161 376 1198 me.
414 1144 451 1198 Et
476 1143 575 1198 exiens
601 1144 776 1213 sequebatur
798 1160 871 1211 eum,
891 1153 907 1200 9
937 1170 994 1211 aar.

119 1229 151 1281 et
169 1224 320 1279 nesciebat
339 1225 407 1293 quia
424 1240 523 1278 verum
542 1228 601 1291 est,
621 1223 698 1293 quod
716 1224 804 1278 fiebat
821 1240 873 1292 per

121 1306 271 1374 angelum:
293 1303 477 1358 existimabat
496 1305 592 1358 autern
611 1321 643 1358 se
658 1304 752 1358 visum
767 1303 872 1358 videre.

120 1387 319 1441 Transeuntes
333 1387 429 1438 autem
442 1384 562 1453 primam
574 1387 604 1438 et
613 1383 768 1439 secundam
779 1388 873 1439 custo·
893 1392 927 1443 10

121 1466 208 1533 diam,
225 1467 367 1525 venerunt
382 1463 418 1518 ad
432 1467 544 1533 portam
560 1464 690 1532 ferream,
706 1481 780 1534 quae
794 1464 873 1518 ducit

122 1546 159 1601 ad
185 1545 351 1600 civitatem:
377 1561 451 1613 quae
471 1545 545 1599 ultro
566 1548 667 1613 aperta
686 1548 731 1599 est
750 1545 800 1599 eis,
836 1544 873 1598 Et

121 1620 264 1681 exeuntes
288 1628 490 1693 processerunt
513 1624 608 1679 vicum
631 1642 734 1679 unum:
760 1627 790 1679 et
808 1641 873 1678 con-

121 1708 202 1762 tinuo
223 1705 359 1761 discessit
377 1707 503 1775 Angelus
524 1706 622 1760 abeo.
658 1706 695 1759 Et
713 1706 816 1759 Petrus
837 1704 873 1757 ad
894 1711 925 1762 ll

124 1804 154 1843 se
172 1802 317 1853 reversus,
337 1786 424 1841 dixit:
445 1786 527 1840 Nunc
545 1786 605 1840 scio
625 1802 691 1839 vere
710 1785 777 1854 quia
795 1781 874 1839 misit

126 1868 264 1923 Dominus
289 1867 429 1936 Angelum
455 1883 553 1934 suurn,
583 1870 612 1920 et
638 1866 742 1934 eripuit
766 1881 812 1918 me
838 1864 873 1917 de

130 1964 209 2001 manu
248 1946 385 2014 HerodiS,
423 1950 453 2001 et
489 1945 524 1999 de
562 1945 638 1999 omni
674 1944 874 2013 expectatione

128 2028 215 2097 plebis
243 2025 419 2082 ludaeorum.
458 2024 709 2094 Consideransque
732 2024 812 2078 venit
838 2023 874 2077 ad
895 2032 928 2083 12
938 2048 966 2079 a.
978 2048 1059 2088 nanu

128 2108 241 2162 domurn
269 2106 375 2161 Mariae
403 2106 503 2161 matris
531 2104 661 2171 loanniS‚
694 2105 743 2173 qui
771 2121 874 2173 cogno-
960 2093 1018 2134 ¹⁶’⁸⁷'

126 2188 251 2243 minatus
271 2191 318 2241 est
335 2188 462 2254 Marcus,
488 2186 537 2240 ubi
557 2190 640 2241 erant
657 2186 739 2239 multi
758 2202 874 2254 congre-

125 2270 199 2338 gati,
227 2271 257 2323 et
281 2272 404 2323 orantes
442 2268 579 2321 Pulsante
600 2269 696 2321 autem
716 2282 749 2320 eo
769 2266 875 2319 ostium
896 2273 928 2325 13
940 2292 996 2335 aaa,

126 2350 243 2415 ianuae,
268 2348 410 2417 processit
435 2348 529 2417 puella
553 2346 589 2401 ad
613 2345 800 2413 audiendum,
826 2363 875 2400 no-

125 2429 202 2483 mine
229 2429 337 2483 Rhode.
373 2429 410 2483 Et
437 2432 470 2483 ut
499 2427 633 2498 cognovit
660 2443 759 2481 vocem
787 2426 874 2493 Petri,
894 2434 929 2485 14

126 2525 196 2579 prae
229 2508 334 2579 gaudio
366 2526 424 2563 non
452 2510 564 2579 aperuit
592 2508 723 2574 ianuam,
755 2506 807 2562 sed
833 2507 875 2560 in-

127 2592 172 2644 tro
197 2606 314 2644 currens
339 2589 486 2645 nunciavit
511 2593 589 2645 stare
608 2590 735 2643 Petrum*
749 2591 815 2642 ante
834 2587 874 2641 ia·

129 2756 341 2763 --—-

182 2864 195 2900 ⁷
208 2858 344 2906 suscitavit,

182 2930 287 2975 acalcie
313 2933 316 2982 Ι
342 2930 471 2985 galliculas

148 3058 149 3067 ἵ
184 3002 359 3047 caestimabet
384 3002 387 3056 Ι
413 3003 463 3047 aut.
477 3006 486 3053 ]
501 3001 523 3057 ξ
538 3002 604 3046 enim

184 3081 209 3118 13
222 3074 277 3120 eud.
291 3078 300 3126 ]
315 3073 336 3129 ᾗ
350 3073 480 3121 videndum

492 3153 533 3199 335
