2275 3434
214 157 354 223 luc—19.
498 155 548 208 AD
575 153 760 211 ROMANOS.

108 335 204 377 ninom.
233 319 249 369 8
268 315 388 369 mortuis
408 331 550 370 revocare.
589 315 646 370 Sed
669 315 738 385 quid
757 315 826 371 dicit
845 314 1016 384 Scriptura?

268 394 360 463 Prope
389 399 434 449 est
459 395 578 449 verbum
604 395 634 448 in
658 413 706 450 ore
732 400 797 461 tuo,
823 400 853 450 et
878 396 909 449 in
933 396 1019 450 eorde

268 481 333 530 tuo:
353 476 406 530 hoc
426 479 471 530 est
484 477 603 530 verbum
622 477 697 542 fidei,
716 476 792 545 quod
806 475 1018 545 praedicamus

116 578 156 610 21<
168 581 204 619 aa.
233 563 249 610 9
268 555 342 625 Quia
357 557 381 610 si
397 556 559 610 confitearis
575 557 603 610 in
618 573 667 612 ore
681 561 731 611 tuo
746 557 900 612 Dominum
915 557 1020 624 lesum,

270 640 298 690 et
323 636 351 690 in
379 635 463 691 corde
489 640 538 690 tuo
566 637 720 691 credideris
745 636 821 706 qudd
841 638 921 691 Deus
940 639 1021 692 illum

217 721 250 771 10
269 717 422 771 suscitavit
441 733 458 770 a
477 717 606 783 mortuiS,
617 718 723 771 ¹salvus
742 719 807 771 eriS.
834 717 927 772 Corde
943 719 1020 772 enim

270 797 394 851 creditur
414 797 450 851 ad
469 798 624 852 iustitiam:
644 814 693 852 ore
711 802 808 852 autem
826 799 974 854 confessio
988 800 1022 853 fit

115 900 203 940 naam.
217 881 248 930 11
270 877 307 931 ad
334 878 464 932 salutem.
502 877 580 931 Dicit
607 878 683 932 enim
712 878 874 947 Scriptura:
908 879 1021 945 OmniS‚

47 958 319 1026 no10‚a;u,al·2qui
342 957 433 1012 credit
458 958 487 1010 in
515 958 609 1024 illum,
635 975 692 1012 non
718 958 918 1013 confundetur.
957 959 1021 1014 Non

270 1038 344 1092 enim
372 1042 416 1092 est
442 1037 589 1093 distinctio
614 1037 726 1104 Iudaei,
752 1043 782 1093 et
808 1039 926 1093 Graeci:
953 1057 1020 1092 nam

269 1116 343 1171 idem
363 1117 502 1171 Dominus
522 1118 663 1184 omnium,
683 1117 763 1172 dives
782 1118 811 1172 in
830 1135 945 1184 omnm,
972 1119 1020 1188 qui

112 1211 158 1244 „1001
170 1215 205 1254 aa.
218 1201 250 1250 13
269 1197 405 1252 invocant
423 1198 509 1252 illum.
547 1197 647 1252 Omnis
673 1199 760 1264 enirn,
787 1199 961 1268 quicumque
981 1201 1020 1253 in-

218 1280 251 1331 14
270 1278 416 1332 vocaverit
440 1294 543 1332 nomen
567 1279 694 1343 Domini,
721 1280 818 1333 salvus
844 1278 907 1333 erit.
945 1279 1055 1348 Quo33

270 1357 354 1411 modo
373 1373 440 1426 ergo
466 1359 657 1427 invocabunt,
682 1361 711 1414 in
735 1376 819 1428 quem
846 1375 903 1412 non
930 1359 1021 1414 credi-

271 1437 392 1492 derunt?
429 1439 487 1494 Aut
506 1440 648 1508 quomodo
668 1439 784 1494 credent
803 1440 838 1505 ei,
858 1457 945 1508 quem
964 1458 1021 1494 non

271 1518 442 1573 audierunt?
480 1520 628 1588 Quomodo
667 1525 762 1575 autern
799 1519 919 1574 audient
959 1521 1020 1575 sine

129 1616 148 1648 u
160 1617 206 1657 aar.
219 1601 251 1651 15
270 1598 474 1666 praedicante?
495 1600 643 1668 Quomodo
658 1617 726 1654 vero
739 1599 952 1668 praedicabunt
966 1601 1020 1654 nisi

270 1679 441 1733 mittantur?
462 1680 537 1734 sicut
554 1681 767 1749 scriptumest:
788 1680 880 1749 Quam
895 1681 1019 1749 speciosi

271 1758 359 1826 pedes
370 1760 628 1828 evangelizantium
637 1777 748 1828 pacem,
760 1760 1017 1828 evangelizantium

129 1859 148 1890 ι.
160 1860 206 1900 aa.
219 1843 251 1893 16
270 1839 358 1892 bona!
422 1839 479 1894 Sed
504 1857 561 1894 non
580 1857 679 1895 omnes
698 1840 836 1895 obediunt
854 1840 1013 1910 Evangelio.

271 1919 360 1972 isaias
380 1920 455 1974 enim
475 1919 557 1974 dicit:
579 1920 699 1975 Domine
719 1921 783 1989 quis
802 1919 924 1974 eredidit
941 1920 1018 1975 audi·

123 2019 206 2061 runo
219 2004 250 2053 17
271 1999 312 2052 tui
338 2001 456 2054 nostro?
492 2001 565 2069 Ergo
595 2001 666 2055 tides
695 2017 730 2054 ex
759 2000 873 2068 audito,
903 2001 1020 2056 auditus

123 2085 251 2142 Pr19,5.18
271 2083 366 2133 autem
385 2081 574 2148 perverbum
595 2081 709 2135 Christi.
748 2081 805 2136 Sed
824 2081 903 2136 dico:
933 2082 1021 2136 Num-

272 2159 340 2233 quid
359 2177 415 2214 non
435 2161 606 2216 audierunt?
634 2162 671 2216 Et
690 2162 805 2230 quidem

306 2258 335 2312 in
355 2275 467 2313 omnem
486 2263 592 2313 terram
612 2260 701 2313 exivit
719 2277 807 2314 sonus
827 2276 934 2326 eorum,

342 2343 371 2392 et
390 2339 418 2392 in
437 2340 508 2394 fines
528 2339 605 2394 orbis
623 2343 717 2394 tenae
736 2341 825 2393 verba
843 2357 950 2394 eorum.

109 2455 135 2490 oi
147 2458 205 2499 um.
218 2440 250 2491 19
272 2435 329 2490 Sed
363 2435 440 2490 dico:
480 2436 624 2506 Numquid
655 2437 741 2491 Israel
772 2455 828 2492 non
864 2439 1020 2507 cognovit?

270 2517 382 2570 Primus
402 2517 514 2586 Moyses
535 2517 618 2571 dicit:

299 2615 366 2682 *Ego
386 2615 422 2668 ad
442 2616 662 2670 aemulationem
681 2633 732 2669 vos
753 2616 894 2670 adducam
912 2617 943 2670 in
962 2635 1020 2671 non

377 2700 506 2764 gentem:

342 2777 370 2831 in
384 2780 500 2845 gentem
510 2777 702 2846 insipientem,
712 2778 741 2830 in
752 2778 822 2831 iram
833 2794 884 2832 vos
895 2777 1017 2832 mittam.

323 2972 336 3004 n
364 2963 480 3006 excitavit.
501 2966 522 3002 ⁴1
563 2963 566 3014 t
606 2974 634 3005 ex
656 2969 726 3007 mort.
751 2967 773 3004 F
878 2970 903 3004 10
925 2963 950 3006 in
971 2965 1017 3006 sat.

271 3025 296 3059 12
318 3021 340 3065 >
364 3021 402 3058 eat
423 3017 484 3058 enim
507 3017 551 3069 μ’
586 3020 590 3069 1
629 3020 654 3059 et
675 3018 714 3060 Gr.
735 3022 743 3067 ]
766 3021 838 3070 atquo
859 3017 959 3069 gentilis
985 3017 1019 3057 1¹¹2

271 3077 295 3112 14
310 3070 409 3112 credunt
427 3072 448 3109 ι’
505 3071 702 3114 inoboedierunt
719 3071 765 3118 &A
824 3069 979 3124 toenitae·
1003 3073 1006 3117 Ι

270 3123 325 3166 finis
341 3125 365 3164 F
417 3123 607 3178 19pn'1nu1nF2

612 3202 654 3246 412
