2275 3434
316 161 366 216 AD
381 160 616 254 ¹CORINTHIOS
639 161 659 214 1.
746 161 905 227 llas-30.

53 337 86 380 56
95 325 128 378 in
145 323 259 390 melius
278 321 329 377 sed
348 322 377 376 in
392 321 517 378 deterius
531 321 699 376 convenitis.
725 321 852 376 Primum
873 324 1007 386 181‚1o-n;
1019 344 1055 384 aa

93 393 218 464 quidem
246 394 481 450 convenientibus
512 393 596 449 vobis
628 394 657 448 in
685 392 852 459 Ecclesiam,

96 466 188 522 audio
208 467 351 520 scissuras
376 481 441 520 esse
466 465 541 520 inter
566 482 635 532 vos,
661 470 690 520 et
716 481 752 520 ex
769 468 853 534 parte

96 537 197 593 credo.
234 537 307 593 Nam
326 540 439 606 oportet
458 540 488 593 et
506 538 642 592 haereses
668 553 748 604 esse,
773 538 853 590 utet
873 538 1011 600 191rmo.

97 609 150 680 qui
179 609 294 679 probati
321 613 404 676 sunt,
431 609 580 664 manifesti
607 609 680 663 fiant
706 607 736 663 in
762 607 853 662 vobis.
917 602 1002 643 ΝΜ

100 679 348 736 Convenientibus
368 696 436 750 ergo
455 681 537 735 vobis
556 681 586 734 in
605 696 701 747 unum,
720 680 778 734 iarn
796 695 852 734 non
872 680 908 730 20

100 756 149 808 est
177 751 356 806 Dominicam
385 768 503 807 coenam
533 751 714 806 manducare.
760 750 854 806 Unus·
872 752 906 802 21

101 824 226 894 quisque
259 823 334 878 enim
362 840 445 878 suam
473 839 592 878 coenam
623 822 784 892 praesumit
817 821 854 875 ad

101 895 343 950 manducandum.
375 895 412 950 Et
432 895 504 949 alius
524 893 639 965 quidem
658 894 761 949 esurit:
782 893 854 949 abus

102 972 201 1022 autern
228 966 323 1021 ebrius
349 970 402 1022 est.
439 964 585 1036 Numquid
603 966 704 1020 domos
729 983 786 1020 non
804 965 854 1019 ha·
873 966 908 1016 22
918 986 943 1023 se
954 987 1010 1028 aas

102 1039 180 1094 betis
209 1038 245 1092 ad
272 1037 518 1104 manducandum,
547 1041 577 1092 et
602 1037 778 1091 bibendum?
804 1041 855 1092 aut

103 1110 263 1165 Ecclesiam
277 1109 331 1164 D'ei
345 1108 537 1176 contemnitis,
557 1113 587 1163 et
601 1107 777 1163 confunditis
796 1124 854 1175 eos,

104 1182 153 1252 qui
172 1199 230 1236 uon
248 1181 376 1236 habent?
409 1180 484 1251 Quid
507 1180 602 1235 dicam
620 1180 723 1234 vobis?
755 1178 854 1234 Laudo

71 1254 179 1313 5tvos‘?
205 1253 236 1308 iu
254 1253 308 1308 hoc
332 1269 389 1308 uon
408 1252 502 1308 laudo.
538 1252 600 1321 Ego
625 1252 702 1306 enim
720 1251 818 1320 accepi
838 1268 855 1305 a
873 1251 946 1307 231st
957 1275 1055 1315 rom-m

105 1325 228 1381 Domino
247 1324 324 1394 quod
343 1328 372 1380 et
390 1324 496 1380 tradidi
520 1324 619 1390 vobis,
645 1323 779 1393 quoniam
798 1323 855 1377 Do-
917 1319 1058 1406 {⁶353ss

105 1397 200 1452 minus
218 1396 299 1450 Iesus
319 1396 349 1450 in
368 1414 425 1467 qua
443 1399 528 1452 nocte
546 1395 724 1462 tradebatur,
743 1394 855 1464 accepit
994 1437 996 1442 .

104 1485 219 1539 panem,
232 1469 237 1506 ¹
248 1472 277 1522 et
290 1469 399 1537 gratias
415 1485 504 1538 agens
518 1467 614 1537 fregit,
629 1470 659 1522 et
672 1466 758 1522 dixit:
774 1466 855 1520 Acci·
873 1466 947 1522 2421
959 1490 1010 1530 aa
1022 1490 1069 1530 aa.

106 1541 183 1611 pite,
209 1541 238 1593 et
261 1538 447 1596 manducate:
474 1540 529 1595 hoc
554 1542 600 1594 est
623 1555 727 1608 corpus
750 1553 854 1604 meum,
918 1533 1003 1575 ¹³²¹*

107 1609 184 1682 quod
202 1627 254 1680 pro
269 1609 350 1665 vobis
369 1611 513 1667 tradetur:
533 1611 589 1666 hoc
608 1610 695 1666 facite
713 1609 743 1664 in
762 1625 855 1663 meam
1122 1628 1124 1681 Ι

107 1681 414 1738 commemorationem.
441 1682 578 1737 Similiter
592 1685 621 1737 et
635 1682 762 1748 calicem,
776 1684 855 1750 post·
874 1679 909 1732 25
919 1695 947 1728 ux
956 1697 1018 1736 muz
1031 1696 1078 1736 uu·

108 1771 193 1825 quam
213 1754 361 1822 coenavit,
381 1752 492 1808 dicens:
518 1753 573 1808 Hic
597 1754 671 1810 calix
690 1755 855 1820 novumlte-
918 1739 957 1772 ²⁰¹²
969 1741 1017 1781 ⁹’¹¹·

109 1829 283 1882 stamentum
302 1830 348 1880 est
365 1824 395 1879 in
414 1841 478 1879 meo
502 1825 653 1894 sanguine.
688 1825 743 1880 hoc
767 1823 855 1878 facite

111 1897 287 1967 quotiescum
307 1913 344 1951 ue
367 1896 488 1964 bibetis,
513 1896 542 1950 in
567 1913 661 1952 meam
686 1911 856 1951 commemo·

112 1969 256 2024 rationem.
287 1915 529 2038 guotiescumque
549 1969 624 2022 enim
643 1966 856 2023 manducabitis
875 1967 948 2017 261a
959 1982 1017 2023 aaa·

115 2057 210 2108 panem
229 2040 314 2106 huuc,
334 2042 363 2094 et
382 2039 500 2093 calicem
517 2039 640 2093 bibetis:
659 2044 780 2096 mortem
799 2039 856 2093 Do·
1121 2088 1123 2097 .

81 2111 177 2172 agmini
196 2111 409 2166 annunciabitis
429 2109 519 2165 donec
537 2111 643 2165 veniat.
675 2112 776 2181 Itaque
795 2109 856 2180 qui·
875 2110 989 2166 27nao³
1002 2125 1060 2166 nm.

112 2199 229 2254 cumque
243 2181 461 2238 manducaverit
475 2198 579 2252 panem
593 2181 678 2248 hunc,
692 2184 737 2238 vei
750 2182 856 2237 biberit

110 2255 225 2310 calicem
250 2254 365 2310 Domini
391 2253 521 2324 indigne:
548 2269 615 2308 reus
640 2253 694 2307 erit
720 2254 856 2324 corporis,

109 2330 139 2382 et
156 2326 304 2396 sanguinis
323 2323 446 2380 Domini.
483 2325 590 2380 Probet
614 2328 711 2378 autem
729 2325 856 2394 seipsum
875 2323 910 2374 28
921 2341 948 2374 m
959 2341 1018 2381 mn.

109 2399 206 2454 homo:
232 2402 261 2452 et
280 2397 322 2452 sic
341 2396 376 2451 de
394 2413 470 2466 pane
488 2396 535 2451 illo
555 2396 639 2464 edat,
666 2398 696 2450 et
714 2394 749 2451 de
768 2397 857 2451 calice
920 2386 961 2418 ’Κ
973 2386 1019 2426 ¹³’⁶·

109 2471 197 2526 bibat.
235 2469 290 2539 Qui
309 2469 384 2524 enim
403 2468 574 2536 manducat,
594 2472 623 2522 et
640 2466 714 2521 bibit
733 2467 857 2536 indigne,
876 2468 910 2518 29

109 2541 244 2596 iudicium
285 2539 341 2594 sibi
383 2539 554 2607 manducat,
599 2543 629 2594 et
667 2539 756 2593 bibit:
800 2555 857 2594 non

110 2611 269 2668 diiudicaus
298 2628 401 2682 corpus
429 2611 552 2666 Domini.
603 2610 669 2665 Ideo
702 2611 777 2665 inter
805 2627 857 2665 vos
877 2611 912 2660 30
921 2628 983 2705 3333
997 2671 1074 2705 ΠΜ

954 2693 960 2714 ,
984 2693 990 2705 .
1057 2690 1081 2712 ,.

163 2826 187 2862 16
200 2818 225 2862 in
240 2817 345 2861 ecclesia
360 2817 414 2868 (Γὶ)
440 2818 444 2870 1
469 2815 604 2860 schismata
618 2820 644 2857 F
666 2816 670 2870 Ι
696 2837 720 2848 -
734 2815 858 2859 intervos

112 2880 315 2934 ro-etl‘wF
341 2879 345 2930 Ι
376 2879 531 2922 -etmn
609 2876 859 2932 nvosnuoerg

112 2943 302 2988 aadnosterl.
317 2941 351 2983 Α2
404 2947 431 2986 24
445 2942 536 2985 -Aoa
552 2943 578 2984 et
591 2941 672 2985 mand.
694 2942 699 2995 Ι
720 2962 744 2973 -
759 2939 822 2993 quod
836 2942 858 2980 A

113 3013 137 3049 25
152 3008 280 3050 coenatum
297 3009 336 3048 est
353 3007 379 3044 F
402 3006 405 3055 Ι
431 3002 516 3047 bibitis
580 3009 607 3046 26
624 3003 709 3048 bibitis
726 3003 764 3044 F¹
788 3004 792 3055 ι
817 3002 858 3046 ad·

113 3067 230 3112 nuntiatis
246 3065 291 3114 &A
338 3073 365 3110 27
380 3088 403 3099 -
418 3064 481 3109 huno
527 3071 553 3109 29
568 3065 637 3109 bibet
651 3067 676 3108 1⁰
691 3063 729 3105 Ν
747 3066 750 3119 t
770 3065 859 3108 discer-

114 3141 172 3174 nens
184 3133 212 3171 F
234 3130 238 3184 1
265 3151 288 3162 -
304 3128 398 3172 Domini
414 3127 546 3181 [mam

474 3207 515 3252 445
