2275 3434
256 127 510 184 APOCALYPSIS
533 127 690 184 mannis.
762 128 896 197 o‚o-o,a

94 288 243 343 orationes
261 293 440 344 sauctorum:
467 292 497 344 et
521 288 681 343 cantabant
699 288 844 343 canticum
863 293 879 343 9
907 309 994 350 nnn,
1010 310 1068 349 nm.

95 383 212 434 novum,
231 367 375 424 dieentes:

132 447 245 517 Dignus
264 463 296 502 es
310 447 431 504 Domine
450 448 581 519 aoeipere
598 447 711 515 librum,
730 451 760 502 et
778 463 845 517 ape-

132 527 189 582 rire
208 527 357 597 signacula
375 529 450 584 eius:
471 529 606 599 quoniam
624 529 738 584 occisus
757 544 797 596 eo,
816 531 846 582 et

132 606 281 663 redemisti
299 625 352 663 nos
366 608 428 664 Deo
446 609 475 664 in
494 609 635 679 sanguine
653 612 704 665 tuo
718 607 846 664 exomni

133 687 226 754 tribu,
245 692 275 744 et
292 687 405 757 lingua,
424 691 453 745 et
471 690 594 759 populo,
612 694 642 745 et
660 689 791 744 natione:
816 690 846 742 et
866 691 938 744 1οω
951 710 997 751 mo.

134 767 229 823 feristi
254 785 308 825 nos
333 768 394 823 Deo
420 772 519 825 nostro
545 786 680 840 regnum,
705 771 734 824 et
752 784 846 824 sacer·
909 754 1070 840 {glimen

133 846 231 903 dotes:
251 851 281 904 et
299 848 483 917 regnabimus
502 852 721 919 superterram.

96 927 135 983 Et
154 927 221 995 vidi,
240 930 269 983 et
288 927 384 982 audivi
399 945 499 984 vocem
514 930 680 998 angelorum
693 929 846 984 multorum
867 932 898 984 ll
910 952 918 982 1
930 950 961 992 ng
972 951 1030 990 mo.

97 1009 127 1062 in
146 1007 267 1063 circuitu
282 1008 388 1076 throni,
407 1013 437 1065 et
451 1009 625 1077 animalium,
644 1013 674 1064 et
688 1009 845 1064 seniorum:
909 993 941 1027 ⁰¹¹
952 996 1000 1036 '³¹⁰'

98 1091 128 1144 et
147 1091 210 1144 erat
227 1105 363 1144 numerus
383 1105 480 1144 eorum
494 1089 583 1144 millia
596 1089 723 1157 millium,
735 1091 740 1128 ¹
752 1089 847 1144 dieen-
866 1092 930 1144 121.
941 1112 988 1148 sm.

97 1168 171 1223 tium
189 1184 259 1225 voce
278 1185 398 1238 magna:
910 1155 1040 1241 ihcifsfssff'

134 1247 247 1318 Dignus
265 1252 311 1304 est
323 1249 432 1318 Agnus,
451 1249 500 1319 qui
516 1250 630 1306 oooisus
644 1253 698 1318 est,
718 1250 849 1320 accipere

134 1329 284 1397 virtutem,
304 1332 334 1385 et
352 1329 545 1398 divinitatem,
565 1334 595 1385 et
613 1330 799 1401 sapientiam,
818 1334 848 1385 et

135 1408 346 1478 fortitudinem,
372 1413 402 1466 et
426 1411 580 1479 honorem,
604 1415 635 1468 et
658 1410 794 1480 gloriam,
818 1413 848 1465 et

134 1489 371 1546 benedictionem.

99 1569 136 1626 ut
154 1585 267 1625 omnem
286 1573 463 1637 ereaturam,
482 1587 557 1640 quae
576 1572 605 1626 in
631 1571 710 1627 caelo
733 1574 794 1637 est,
820 1575 849 1626 et
868 1574 978 1634 lium.
990 1593 1070 1633 nno.

99 1653 326 1721 superterram,
346 1654 375 1705 et
393 1650 447 1705 sub
466 1654 558 1718 terra,
577 1654 608 1706 et
626 1667 700 1721 quae
726 1653 794 1706 sunt
819 1651 849 1705 in

100 1729 186 1798 mari,
204 1733 234 1785 et
252 1729 375 1800 quaein
394 1745 441 1785 eo:
468 1747 568 1786 omnes
587 1730 685 1786 audivi
704 1730 847 1785 dicentes:

136 1809 255 1866 Sedenti
273 1809 303 1865 in
321 1809 440 1878 throno,
459 1813 489 1866 et
506 1811 604 1880 Agno:
622 1810 799 1879 benedictio,
819 1814 848 1866 et

136 1890 235 1959 honor,
254 1893 284 1946 et
301 1891 401 1960 gloria,
420 1894 450 1946 et
463 1893 595 1961 potestas
611 1890 641 1946 iu
655 1891 772 1946 saecula
786 1907 849 1946 sae-

136 1972 271 2027 culorum.

99 2051 137 2108 Et
144 2054 281 2123 quattuor
288 2051 423 2107 animalia
430 2051 577 2108 dicebaut:
588 2052 687 2108 Arnen.
703 2051 741 2106 Et
747 2051 849 2122 viginti
869 2055 903 2107 14
913 2074 964 2114 mo,
977 2073 1023 2113 mn.

100 2135 237 2202 quattuor
251 2132 379 2186 seniores
394 2131 558 2188 oeciderunt
571 2132 601 2187 in
616 2132 706 2187 facies
721 2149 802 2187 suas:
819 2136 850 2188 et

100 2212 293 2268 adoraverunt
311 2211 455 2267 viventem
478 2213 508 2266 in
527 2213 643 2268 saecula
661 2213 848 2268 saeculorum.

73 2311 90 2358 5
171 2292 218 2346 ET
237 2291 296 2346 vidi
314 2290 391 2362 quod
410 2293 572 2362 aperuisset
590 2294 687 2363 Agnus
706 2310 794 2347 unum
814 2293 849 2348 de
868 2284 888 2356 6
912 2314 966 2354 sm.
979 2314 1018 2353 m,

100 2375 212 2443 septem
244 2372 360 2441 sigillis,
392 2375 422 2428 et
455 2371 551 2428 audivi
583 2390 671 2428 unum
703 2373 738 2429 de
766 2377 849 2443 quat·
934 2360 990 2400 ⁶‘⁶‘⁸'

100 2456 165 2510 tuor
198 2452 384 2521 animalibus,
421 2453 537 2521 dicens,
570 2457 717 2523 tamquam
749 2470 850 2510 vocem

99 2533 234 2589 tonitrui:
262 2533 353 2600 xVeni,
382 2537 411 2588 et
438 2533 511 2590 vide.
559 2534 596 2589 Et
622 2533 697 2590 vidi:
725 2537 755 2590 et
782 2538 885 2590 eocea
912 2554 1072 2594 zeonem-s.

100 2629 192 2683 equus
224 2612 325 2681 albus,
357 2616 387 2669 et
418 2614 468 2685 qui
500 2613 622 2670 sedehat
652 2630 739 2685 super
769 2614 849 2669 illum

100 2692 227 2749 habebat
254 2709 367 2760 areum,
395 2697 424 2750 et
449 2693 519 2751 data
544 2698 591 2750 est
618 2694 644 2749 ei
672 2711 794 2763 corona,
819 2699 849 2752 et

139 2827 281 2880 ,resumat
296 2828 301 2878 1
318 2830 341 2876 >
352 2837 409 2873 nov.
424 2829 489 2872 oant.
504 2831 556 2874 AF
570 2829 574 2878 Ι
591 2827 722 2871 -domina
738 2827 852 2882 [mar

99 2881 126 2934 -1-
136 2880 196 2924 deus
211 2879 248 2934 [a]
276 2887 303 2942 ro
316 2885 380 2942 nos]
396 2891 438 2926 eos
452 2880 519 2934 ma
537 2882 540 2933 Ι
556 2881 696 2935 regnabunt
722 2888 749 2925 πῖ
763 2881 849 2925 divini-

99 2935 195 2984 tatem]
209 2949 261 2976 num
275 2933 391 2978 divitias?
432 2942 457 2978 13
471 2936 496 2977 et
510 2939 590 2988 [quae]
606 2946 679 2989 super
698 2935 703 2987 Ι
724 2956 748 2968 -
763 2938 788 2978 et
802 2935 849 2979 sub

99 2988 199 3031 tertul
207 2988 233 3030 et
242 2990 360 3031 uternam
370 2986 436 3040 m
449 2990 454 3040 Ι
465 2999 495 3030 eo
522 2994 548 3031 14
558 2990 640 3043 -vlg
650 2990 727 3042 quam
739 2993 747 3039 [
766 2988 852 3039 rur

110 3039 553 3094 l-inrao.suosl-viv.ius.s.
595 3042 634 3094 0,1
648 3043 736 3097 signoo
764 3044 838 3094 'sAl

101 3093 223 3140 dicentem
234 3095 238 3150 Ι
250 3093 341 3140 thonit·
348 3095 401 3137 Ar
418 3101 452 3140 aa
460 3116 484 3128 -
492 3096 518 3139 et
525 3094 591 3142 ride.
600 3095 648 3143 u
659 3117 683 3130 -
691 3096 781 3142 Etridl
788 3096 854 3149 [ω’

464 3173 505 3218 623
