<?xml version="1.0" encoding="UTF-8"?>
<!DOCTYPE html PUBLIC "-//W3C//DTD XHTML 1.0 Transitional//EN"
    "http://www.w3.org/TR/xhtml1/DTD/xhtml1-transitional.dtd">
<html xmlns="http://www.w3.org/1999/xhtml" xml:lang="en" lang="en">
 <head>
  <title>
</title>
<meta http-equiv="Content-Type" content="text/html;charset=utf-8" />
  <meta name='ocr-system' content='tesseract 3.04.00' />
  <meta name='ocr-capabilities' content='ocr_page ocr_carea ocr_par ocr_line ocrx_word'/>
</head>
<body>
  <div class='ocr_page' id='page_1' title='image "./novumtestamentu01nestgoog_0290.png"; bbox 0 0 2275 3434; ppageno 0'>
   <div class='ocr_carea' id='block_1_1' title="bbox 245 132 858 199">
    <p class='ocr_par' dir='ltr' id='par_1_1' title="bbox 245 132 858 199">
     <span class='ocr_line' id='line_1_1' title="bbox 245 132 858 199; baseline -0.007 -9"><span class='ocrx_word' id='word_1_1' title='bbox 245 132 386 199; x_wconf 64' lang='lat' dir='ltr'><strong>lla—ax.</strong></span> <span class='ocrx_word' id='word_1_2' title='bbox 460 133 659 189; x_wconf 83' lang='lat' dir='ltr'><strong>SECVNDVM</strong></span> <span class='ocrx_word' id='word_1_3' title='bbox 684 133 858 189; x_wconf 83' lang='lat' dir='ltr'><strong>IOANNEll.</strong></span> 
     </span>
    </p>
   </div>
   <div class='ocr_carea' id='block_1_2' title="bbox 76 291 1046 2614">
    <p class='ocr_par' dir='ltr' id='par_1_2' title="bbox 263 291 1032 363">
     <span class='ocr_line' id='line_1_2' title="bbox 263 291 1032 363; baseline -0.003 -18"><span class='ocrx_word' id='word_1_4' title='bbox 263 298 278 345; x_wconf 84' lang='lat'><strong>7</strong></span> <span class='ocrx_word' id='word_1_5' title='bbox 300 293 399 348; x_wconf 86' lang='lat' dir='ltr'><strong>eodem</strong></span> <span class='ocrx_word' id='word_1_6' title='bbox 418 295 479 349; x_wconf 90' lang='lat' dir='ltr'><strong>loco</strong></span> <span class='ocrx_word' id='word_1_7' title='bbox 500 294 611 349; x_wconf 85' lang='lat' dir='ltr'><strong>duobus</strong></span> <span class='ocrx_word' id='word_1_8' title='bbox 630 294 740 349; x_wconf 84' lang='lat' dir='ltr'><strong>diebus.</strong></span> <span class='ocrx_word' id='word_1_9' title='bbox 768 294 871 349; x_wconf 88' lang='lat' dir='ltr'><strong>deinde</strong></span> <span class='ocrx_word' id='word_1_10' title='bbox 888 291 1032 363; x_wconf 79' lang='lat' dir='ltr'><strong>posthaec</strong></span> 
     </span>
    </p>

    <p class='ocr_par' dir='ltr' id='par_1_3' title="bbox 299 373 1032 443">
     <span class='ocr_line' id='line_1_3' title="bbox 299 373 1032 443; baseline -0.001 -15"><span class='ocrx_word' id='word_1_11' title='bbox 299 373 371 428; x_wconf 85' lang='lat' dir='ltr'><strong>dixit</strong></span> <span class='ocrx_word' id='word_1_12' title='bbox 381 373 528 443; x_wconf 79' lang='lat' dir='ltr'><strong>discipulis</strong></span> <span class='ocrx_word' id='word_1_13' title='bbox 540 374 613 429; x_wconf 86' lang='lat' dir='ltr'><strong>suis:</strong></span> <span class='ocrx_word' id='word_1_14' title='bbox 629 374 736 429; x_wconf 86' lang='lat' dir='ltr'><strong>Eamus</strong></span> <span class='ocrx_word' id='word_1_15' title='bbox 748 374 778 429; x_wconf 91' lang='lat' dir='ltr'><strong>in</strong></span> <span class='ocrx_word' id='word_1_16' title='bbox 786 374 922 429; x_wconf 78' lang='lat' dir='ltr'>Iudaeam</span> <span class='ocrx_word' id='word_1_17' title='bbox 930 373 1032 427; x_wconf 83' lang='lat' dir='ltr'><strong>iterum.</strong></span> 
     </span>
    </p>

    <p class='ocr_par' dir='ltr' id='par_1_4' title="bbox 76 448 1035 765">
     <span class='ocr_line' id='line_1_4' title="bbox 76 448 1033 533; baseline -0.003 -26"><span class='ocrx_word' id='word_1_18' title='bbox 76 449 164 533; x_wconf 46' lang='lat'><strong>,53⁶3</strong></span> <span class='ocrx_word' id='word_1_19' title='bbox 176 448 234 533; x_wconf 51' lang='lat' dir='ltr'><strong>{23}ss</strong></span> <span class='ocrx_word' id='word_1_20' title='bbox 263 456 279 506; x_wconf 90' lang='lat'>8</span> <span class='ocrx_word' id='word_1_21' title='bbox 299 454 405 509; x_wconf 86' lang='lat' dir='ltr'><strong>Dicunt</strong></span> <span class='ocrx_word' id='word_1_22' title='bbox 428 454 454 509; x_wconf 89' lang='lat' dir='ltr'><strong>ei</strong></span> <span class='ocrx_word' id='word_1_23' title='bbox 475 454 621 524; x_wconf 81' lang='lat' dir='ltr'><strong>discipuli:</strong></span> <span class='ocrx_word' id='word_1_24' title='bbox 645 455 751 522; x_wconf 83' lang='lat' dir='ltr'><strong>Rabbi,</strong></span> <span class='ocrx_word' id='word_1_25' title='bbox 773 471 851 509; x_wconf 86' lang='lat' dir='ltr'><strong>nune</strong></span> <span class='ocrx_word' id='word_1_26' title='bbox 869 452 1033 524; x_wconf 71' lang='lat' dir='ltr'>quaerebant</span> 
     </span>
     <span class='ocr_line' id='line_1_5' title="bbox 179 532 1033 604; baseline -0.002 -16"><span class='ocrx_word' id='word_1_27' title='bbox 179 554 235 594; x_wconf 60' lang='lat' dir='ltr'><strong>aas.</strong></span> <span class='ocrx_word' id='word_1_28' title='bbox 263 538 279 587; x_wconf 85' lang='grc'><strong>9</strong></span> <span class='ocrx_word' id='word_1_29' title='bbox 298 538 327 589; x_wconf 88' lang='lat' dir='ltr'><strong>te</strong></span> <span class='ocrx_word' id='word_1_30' title='bbox 346 533 443 595; x_wconf 84' lang='lat' dir='ltr'><strong>ludaei</strong></span> <span class='ocrx_word' id='word_1_31' title='bbox 462 534 600 604; x_wconf 86' lang='lat' dir='ltr'><strong>lapidare,</strong></span> <span class='ocrx_word' id='word_1_32' title='bbox 619 536 771 590; x_wconf 83' lang='lat' dir='ltr'><strong>etiterum</strong></span> <span class='ocrx_word' id='word_1_33' title='bbox 785 534 869 589; x_wconf 88' lang='lat' dir='ltr'><strong>vadis</strong></span> <span class='ocrx_word' id='word_1_34' title='bbox 881 534 962 589; x_wconf 83' lang='lat' dir='ltr'><strong>illuc?</strong></span> <span class='ocrx_word' id='word_1_35' title='bbox 983 532 1033 586; x_wconf 86' lang='lat' dir='ltr'><strong>Ra-</strong></span> 
     </span>
     <span class='ocr_line' id='line_1_6' title="bbox 141 596 1034 683; baseline -0.003 -15"><span class='ocrx_word' id='word_1_36' title='bbox 141 596 234 640; x_wconf 66' lang='lat'><strong>¹³³&#39;¹⁰&#39;</strong></span> <span class='ocrx_word' id='word_1_37' title='bbox 299 614 415 683; x_wconf 76' lang='lat' dir='ltr'><strong>spondit</strong></span> <span class='ocrx_word' id='word_1_38' title='bbox 440 615 534 669; x_wconf 84' lang='lat' dir='ltr'><strong>lesus:</strong></span> <span class='ocrx_word' id='word_1_39' title='bbox 564 616 664 671; x_wconf 84' lang='lat' dir='ltr'><strong>Nonne</strong></span> <span class='ocrx_word' id='word_1_40' title='bbox 690 615 841 670; x_wconf 81' lang='lat' dir='ltr'><strong>duodecim</strong></span> <span class='ocrx_word' id='word_1_41' title='bbox 866 603 937 670; x_wconf 79' lang='lat' dir='ltr'><strong>sunt</strong></span> <span class='ocrx_word' id='word_1_42' title='bbox 954 614 1034 667; x_wconf 84' lang='lat' dir='ltr'><strong>horse</strong></span> 
     </span>
     <span class='ocr_line' id='line_1_7' title="bbox 299 691 1035 765; baseline -0.004 -16"><span class='ocrx_word' id='word_1_43' title='bbox 299 694 374 749; x_wconf 78' lang='lat' dir='ltr'><strong>diei?</strong></span> <span class='ocrx_word' id='word_1_44' title='bbox 401 693 510 765; x_wconf 86' lang='lat' dir='ltr'><strong>Siquis</strong></span> <span class='ocrx_word' id='word_1_45' title='bbox 526 696 716 751; x_wconf 79' lang='lat' dir='ltr'><strong>ambulaverit</strong></span> <span class='ocrx_word' id='word_1_46' title='bbox 729 696 758 750; x_wconf 90' lang='lat' dir='ltr'><strong>in</strong></span> <span class='ocrx_word' id='word_1_47' title='bbox 774 694 828 763; x_wconf 87' lang='lat' dir='ltr'><strong>die,</strong></span> <span class='ocrx_word' id='word_1_48' title='bbox 847 712 903 750; x_wconf 90' lang='lat' dir='ltr'><strong>non</strong></span> <span class='ocrx_word' id='word_1_49' title='bbox 917 691 1035 756; x_wconf 73' lang='lat' dir='ltr'><strong>offendi,</strong></span> 
     </span>
    </p>

    <p class='ocr_par' dir='ltr' id='par_1_5' title="bbox 77 775 1038 926">
     <span class='ocr_line' id='line_1_8' title="bbox 77 775 1036 845; baseline -0.002 -16"><span class='ocrx_word' id='word_1_50' title='bbox 77 797 134 839; x_wconf 64' lang='lat' dir='ltr'><strong>aa.</strong></span> <span class='ocrx_word' id='word_1_51' title='bbox 148 794 234 838; x_wconf 67' lang='lat' dir='ltr'><strong>roan.</strong></span> <span class='ocrx_word' id='word_1_52' title='bbox 247 776 280 829; x_wconf 82' lang='lat' dir='ltr'><strong>to</strong></span> <span class='ocrx_word' id='word_1_53' title='bbox 300 775 366 845; x_wconf 87' lang='lat' dir='ltr'><strong>quia</strong></span> <span class='ocrx_word' id='word_1_54' title='bbox 386 776 478 829; x_wconf 87' lang='lat' dir='ltr'><strong>lucem</strong></span> <span class='ocrx_word' id='word_1_55' title='bbox 497 776 561 831; x_wconf 88' lang='lat' dir='ltr'><strong>huis</strong></span> <span class='ocrx_word' id='word_1_56' title='bbox 581 776 679 831; x_wconf 87' lang='lat' dir='ltr'><strong>mundi</strong></span> <span class='ocrx_word' id='word_1_57' title='bbox 698 775 790 831; x_wconf 87' lang='lat' dir='ltr'><strong>videt:</strong></span> <span class='ocrx_word' id='word_1_58' title='bbox 828 776 853 830; x_wconf 86' lang='lat' dir='ltr'><strong>si</strong></span> <span class='ocrx_word' id='word_1_59' title='bbox 873 778 964 830; x_wconf 70' lang='lat' dir='ltr'><strong>autam</strong></span> <span class='ocrx_word' id='word_1_60' title='bbox 981 790 1036 827; x_wconf 84' lang='lat' dir='ltr'><strong>am-</strong></span> 
     </span>
     <span class='ocr_line' id='line_1_9' title="bbox 298 855 1038 926; baseline -0.003 -17"><span class='ocrx_word' id='word_1_61' title='bbox 298 855 439 911; x_wconf 84' lang='lat' dir='ltr'><strong>bulaverit</strong></span> <span class='ocrx_word' id='word_1_62' title='bbox 458 856 487 910; x_wconf 89' lang='lat' dir='ltr'><strong>in</strong></span> <span class='ocrx_word' id='word_1_63' title='bbox 505 860 600 924; x_wconf 87' lang='lat' dir='ltr'><strong>nocte,</strong></span> <span class='ocrx_word' id='word_1_64' title='bbox 625 856 753 924; x_wconf 82' lang='lat' dir='ltr'><strong>offendit,</strong></span> <span class='ocrx_word' id='word_1_65' title='bbox 772 857 840 926; x_wconf 88' lang='lat' dir='ltr'><strong>quia</strong></span> <span class='ocrx_word' id='word_1_66' title='bbox 858 856 907 910; x_wconf 89' lang='lat' dir='ltr'><strong>lux</strong></span> <span class='ocrx_word' id='word_1_67' title='bbox 924 871 977 910; x_wconf 89' lang='lat' dir='ltr'><strong>non</strong></span> <span class='ocrx_word' id='word_1_68' title='bbox 994 856 1038 907; x_wconf 87' lang='lat' dir='ltr'><strong>est</strong></span> 
     </span>
    </p>

    <p class='ocr_par' dir='ltr' id='par_1_6' title="bbox 149 934 1039 1168">
     <span class='ocr_line' id='line_1_10' title="bbox 149 934 1039 1006; baseline -0.004 -15"><span class='ocrx_word' id='word_1_69' title='bbox 149 957 177 991; x_wconf 82' lang='lat' dir='ltr'><strong>m</strong></span> <span class='ocrx_word' id='word_1_70' title='bbox 188 958 234 998; x_wconf 70' lang='lat' dir='ltr'><strong>aar.</strong></span> <span class='ocrx_word' id='word_1_71' title='bbox 247 938 277 989; x_wconf 94' lang='lat' dir='ltr'><strong>ll</strong></span> <span class='ocrx_word' id='word_1_72' title='bbox 299 936 327 991; x_wconf 91' lang='lat' dir='ltr'><strong>in</strong></span> <span class='ocrx_word' id='word_1_73' title='bbox 347 952 390 991; x_wconf 86' lang='lat' dir='ltr'><strong>eo.</strong></span> <span class='ocrx_word' id='word_1_74' title='bbox 426 936 505 991; x_wconf 86' lang='lat' dir='ltr'><strong>Haec</strong></span> <span class='ocrx_word' id='word_1_75' title='bbox 524 936 578 1005; x_wconf 86' lang='lat' dir='ltr'><strong>ait,</strong></span> <span class='ocrx_word' id='word_1_76' title='bbox 599 940 713 1006; x_wconf 87' lang='lat' dir='ltr'><strong>etpost</strong></span> <span class='ocrx_word' id='word_1_77' title='bbox 732 937 803 991; x_wconf 86' lang='lat' dir='ltr'><strong>haec</strong></span> <span class='ocrx_word' id='word_1_78' title='bbox 822 936 894 991; x_wconf 83' lang='lat' dir='ltr'><strong>dixit</strong></span> <span class='ocrx_word' id='word_1_79' title='bbox 913 936 966 991; x_wconf 86' lang='lat' dir='ltr'><strong>eis:</strong></span> <span class='ocrx_word' id='word_1_80' title='bbox 987 934 1039 988; x_wconf 83' lang='lat' dir='ltr'><strong>La·</strong></span> 
     </span>
     <span class='ocr_line' id='line_1_11' title="bbox 160 1002 1039 1073; baseline -0.002 -3"><span class='ocrx_word' id='word_1_81' title='bbox 160 1002 235 1045; x_wconf 62' lang='lat' dir='ltr'><strong>asar.</strong></span> <span class='ocrx_word' id='word_1_82' title='bbox 299 1032 383 1071; x_wconf 80' lang='lat' dir='ltr'><strong>zama</strong></span> <span class='ocrx_word' id='word_1_83' title='bbox 410 1016 519 1071; x_wconf 85' lang='lat' dir='ltr'><strong>amicus</strong></span> <span class='ocrx_word' id='word_1_84' title='bbox 544 1021 644 1072; x_wconf 86' lang='lat' dir='ltr'><strong>nos-ter</strong></span> <span class='ocrx_word' id='word_1_85' title='bbox 669 1017 786 1073; x_wconf 84' lang='lat' dir='ltr'><strong>dormit:</strong></span> <span class='ocrx_word' id='word_1_86' title='bbox 813 1016 864 1072; x_wconf 82' lang='lat' dir='ltr'><strong>sod</strong></span> <span class='ocrx_word' id='word_1_87' title='bbox 883 1016 958 1072; x_wconf 87' lang='lat' dir='ltr'><strong>vado</strong></span> <span class='ocrx_word' id='word_1_88' title='bbox 974 1018 1039 1069; x_wconf 85' lang='lat' dir='ltr'><strong>uta</strong></span> 
     </span>
     <span class='ocr_line' id='line_1_12' title="bbox 247 1095 1037 1168; baseline -0.003 -18"><span class='ocrx_word' id='word_1_89' title='bbox 247 1098 280 1150; x_wconf 82' lang='lat'><strong>12</strong></span> <span class='ocrx_word' id='word_1_90' title='bbox 299 1103 400 1151; x_wconf 83' lang='lat' dir='ltr'><strong>somno</strong></span> <span class='ocrx_word' id='word_1_91' title='bbox 419 1097 541 1153; x_wconf 78' lang='lat' dir='ltr'><strong>excitem</strong></span> <span class='ocrx_word' id='word_1_92' title='bbox 560 1114 633 1156; x_wconf 88' lang='lat' dir='ltr'><strong>eum.</strong></span> <span class='ocrx_word' id='word_1_93' title='bbox 669 1097 809 1153; x_wconf 85' lang='lat' dir='ltr'><strong>Dixerunt</strong></span> <span class='ocrx_word' id='word_1_94' title='bbox 828 1114 898 1168; x_wconf 79' lang='lat' dir='ltr'><strong>ergo</strong></span> <span class='ocrx_word' id='word_1_95' title='bbox 915 1095 1037 1165; x_wconf 79' lang='lat' dir='ltr'><strong>discipuli</strong></span> 
     </span>
    </p>

    <p class='ocr_par' dir='ltr' id='par_1_7' title="bbox 246 1176 1040 1245">
     <span class='ocr_line' id='line_1_13' title="bbox 246 1176 1040 1245; baseline -0.001 -15"><span class='ocrx_word' id='word_1_96' title='bbox 246 1178 280 1229; x_wconf 88' lang='lat'><strong>13</strong></span> <span class='ocrx_word' id='word_1_97' title='bbox 300 1178 375 1231; x_wconf 86' lang='lat' dir='ltr'><strong>eius:</strong></span> <span class='ocrx_word' id='word_1_98' title='bbox 395 1176 524 1244; x_wconf 86' lang='lat' dir='ltr'><strong>Domine,</strong></span> <span class='ocrx_word' id='word_1_99' title='bbox 544 1178 568 1232; x_wconf 88' lang='lat' dir='ltr'><strong>si</strong></span> <span class='ocrx_word' id='word_1_100' title='bbox 588 1177 700 1245; x_wconf 82' lang='lat' dir='ltr'><strong>dormit,</strong></span> <span class='ocrx_word' id='word_1_101' title='bbox 719 1179 817 1233; x_wconf 85' lang='lat' dir='ltr'><strong>salvus</strong></span> <span class='ocrx_word' id='word_1_102' title='bbox 836 1178 897 1234; x_wconf 83' lang='lat' dir='ltr'><strong>erit.</strong></span> <span class='ocrx_word' id='word_1_103' title='bbox 927 1178 1040 1232; x_wconf 82' lang='lat' dir='ltr'><strong>Dixerat</strong></span> 
     </span>
    </p>

    <p class='ocr_par' dir='ltr' id='par_1_8' title="bbox 300 1257 1040 1328">
     <span class='ocr_line' id='line_1_14' title="bbox 300 1257 1040 1328; baseline 0.001 -17"><span class='ocrx_word' id='word_1_104' title='bbox 300 1261 396 1312; x_wconf 85' lang='lat' dir='ltr'><strong>autem</strong></span> <span class='ocrx_word' id='word_1_105' title='bbox 415 1257 495 1312; x_wconf 84' lang='lat' dir='ltr'><strong>lesus</strong></span> <span class='ocrx_word' id='word_1_106' title='bbox 518 1257 553 1313; x_wconf 87' lang='lat' dir='ltr'><strong>de</strong></span> <span class='ocrx_word' id='word_1_107' title='bbox 578 1262 670 1314; x_wconf 86' lang='lat' dir='ltr'><strong>morte</strong></span> <span class='ocrx_word' id='word_1_108' title='bbox 689 1258 764 1313; x_wconf 84' lang='lat' dir='ltr'><strong>eius:</strong></span> <span class='ocrx_word' id='word_1_109' title='bbox 790 1259 829 1313; x_wconf 92' lang='lat' dir='ltr'><strong>illi</strong></span> <span class='ocrx_word' id='word_1_110' title='bbox 849 1261 946 1315; x_wconf 83' lang='lat' dir='ltr'><strong>autern</strong></span> <span class='ocrx_word' id='word_1_111' title='bbox 963 1260 1040 1328; x_wconf 86' lang='lat' dir='ltr'><strong>puta-</strong></span> 
     </span>
    </p>

    <p class='ocr_par' dir='ltr' id='par_1_9' title="bbox 247 1338 1041 1407">
     <span class='ocr_line' id='line_1_15' title="bbox 247 1338 1041 1407; baseline -0.003 -14"><span class='ocrx_word' id='word_1_112' title='bbox 247 1342 280 1393; x_wconf 88' lang='grc'><strong>14</strong></span> <span class='ocrx_word' id='word_1_113' title='bbox 299 1340 402 1393; x_wconf 82' lang='lat' dir='ltr'><strong>verunt</strong></span> <span class='ocrx_word' id='word_1_114' title='bbox 416 1338 484 1407; x_wconf 83' lang='lat' dir='ltr'><strong>quia</strong></span> <span class='ocrx_word' id='word_1_115' title='bbox 498 1338 533 1394; x_wconf 88' lang='lat' dir='ltr'><strong>de</strong></span> <span class='ocrx_word' id='word_1_116' title='bbox 548 1338 718 1395; x_wconf 87' lang='lat' dir='ltr'><strong>dormitione</strong></span> <span class='ocrx_word' id='word_1_117' title='bbox 726 1339 818 1394; x_wconf 86' lang='lat' dir='ltr'><strong>somni</strong></span> <span class='ocrx_word' id='word_1_118' title='bbox 829 1338 945 1394; x_wconf 85' lang='lat' dir='ltr'><strong>diceret.</strong></span> <span class='ocrx_word' id='word_1_119' title='bbox 966 1338 1041 1393; x_wconf 84' lang='lat' dir='ltr'><strong>Tunc</strong></span> 
     </span>
    </p>

    <p class='ocr_par' dir='ltr' id='par_1_10' title="bbox 299 1418 1042 1488">
     <span class='ocr_line' id='line_1_16' title="bbox 299 1418 1042 1488; baseline 0 -15"><span class='ocrx_word' id='word_1_120' title='bbox 299 1435 366 1488; x_wconf 85' lang='lat' dir='ltr'><strong>ergo</strong></span> <span class='ocrx_word' id='word_1_121' title='bbox 385 1419 466 1474; x_wconf 87' lang='lat' dir='ltr'><strong>lesus</strong></span> <span class='ocrx_word' id='word_1_122' title='bbox 486 1418 559 1475; x_wconf 82' lang='lat' dir='ltr'><strong>dixit</strong></span> <span class='ocrx_word' id='word_1_123' title='bbox 578 1420 620 1474; x_wconf 86' lang='lat' dir='ltr'><strong>eis</strong></span> <span class='ocrx_word' id='word_1_124' title='bbox 638 1419 805 1475; x_wconf 80' lang='lat' dir='ltr'><strong>manifeste:</strong></span> <span class='ocrx_word' id='word_1_125' title='bbox 827 1420 956 1475; x_wconf 78' lang='lat' dir='ltr'><strong>Lazarus</strong></span> <span class='ocrx_word' id='word_1_126' title='bbox 974 1436 1042 1474; x_wconf 88' lang='lat' dir='ltr'><strong>mor·</strong></span> 
     </span>
    </p>

    <p class='ocr_par' dir='ltr' id='par_1_11' title="bbox 247 1499 1043 1649">
     <span class='ocr_line' id='line_1_17' title="bbox 247 1499 1043 1570; baseline 0.001 -16"><span class='ocrx_word' id='word_1_127' title='bbox 247 1503 279 1555; x_wconf 88' lang='lat'><strong>15</strong></span> <span class='ocrx_word' id='word_1_128' title='bbox 299 1502 366 1554; x_wconf 86' lang='lat' dir='ltr'><strong>tuus</strong></span> <span class='ocrx_word' id='word_1_129' title='bbox 386 1503 444 1555; x_wconf 80' lang='lat' dir='ltr'><strong>est:</strong></span> <span class='ocrx_word' id='word_1_130' title='bbox 474 1504 503 1555; x_wconf 88' lang='lat' dir='ltr'><strong>et</strong></span> <span class='ocrx_word' id='word_1_131' title='bbox 521 1499 633 1570; x_wconf 81' lang='lat' dir='ltr'><strong>gaudeo</strong></span> <span class='ocrx_word' id='word_1_132' title='bbox 651 1505 769 1570; x_wconf 86' lang='lat' dir='ltr'><strong>propter</strong></span> <span class='ocrx_word' id='word_1_133' title='bbox 786 1516 848 1567; x_wconf 87' lang='lat' dir='ltr'><strong>vos,</strong></span> <span class='ocrx_word' id='word_1_134' title='bbox 866 1504 899 1555; x_wconf 92' lang='lat' dir='ltr'><strong>ut</strong></span> <span class='ocrx_word' id='word_1_135' title='bbox 912 1499 1043 1564; x_wconf 82' lang='lat' dir='ltr'><strong>credatis,</strong></span> 
     </span>
     <span class='ocr_line' id='line_1_18' title="bbox 299 1580 1042 1649; baseline -0.001 -16"><span class='ocrx_word' id='word_1_136' title='bbox 299 1580 434 1649; x_wconf 87' lang='lat' dir='ltr'><strong>quoniam</strong></span> <span class='ocrx_word' id='word_1_137' title='bbox 458 1597 514 1635; x_wconf 90' lang='lat' dir='ltr'><strong>non</strong></span> <span class='ocrx_word' id='word_1_138' title='bbox 539 1596 619 1635; x_wconf 86' lang='lat' dir='ltr'><strong>eram</strong></span> <span class='ocrx_word' id='word_1_139' title='bbox 643 1580 692 1635; x_wconf 79' lang='lat' dir='ltr'><strong>ibt</strong></span> <span class='ocrx_word' id='word_1_140' title='bbox 728 1580 780 1635; x_wconf 86' lang='lat' dir='ltr'><strong>sed</strong></span> <span class='ocrx_word' id='word_1_141' title='bbox 799 1595 898 1635; x_wconf 85' lang='lat' dir='ltr'><strong>eamus</strong></span> <span class='ocrx_word' id='word_1_142' title='bbox 917 1580 956 1635; x_wconf 85' lang='lat' dir='ltr'><strong>ad</strong></span> <span class='ocrx_word' id='word_1_143' title='bbox 974 1598 1042 1636; x_wconf 82' lang='lat' dir='ltr'><strong>earn.</strong></span> 
     </span>
    </p>

    <p class='ocr_par' dir='ltr' id='par_1_12' title="bbox 111 1660 1044 1892">
     <span class='ocr_line' id='line_1_19' title="bbox 130 1660 1043 1731; baseline -0.002 -16"><span class='ocrx_word' id='word_1_144' title='bbox 130 1682 160 1715; x_wconf 81' lang='lat' dir='ltr'><strong>m</strong></span> <span class='ocrx_word' id='word_1_145' title='bbox 172 1683 234 1723; x_wconf 66' lang='lat' dir='ltr'><strong>aaa</strong></span> <span class='ocrx_word' id='word_1_146' title='bbox 247 1666 279 1716; x_wconf 82' lang='grc'><strong>16</strong></span> <span class='ocrx_word' id='word_1_147' title='bbox 299 1660 378 1716; x_wconf 83' lang='lat' dir='ltr'><strong>Dixit</strong></span> <span class='ocrx_word' id='word_1_148' title='bbox 397 1676 464 1729; x_wconf 84' lang='lat' dir='ltr'><strong>ergo</strong></span> <span class='ocrx_word' id='word_1_149' title='bbox 484 1660 622 1728; x_wconf 74' lang='lat' dir='ltr'><strong>ThomaS,</strong></span> <span class='ocrx_word' id='word_1_150' title='bbox 647 1662 697 1731; x_wconf 88' lang='lat' dir='ltr'><strong>qui</strong></span> <span class='ocrx_word' id='word_1_151' title='bbox 716 1660 820 1716; x_wconf 88' lang='lat' dir='ltr'><strong>dicitur</strong></span> <span class='ocrx_word' id='word_1_152' title='bbox 837 1660 992 1730; x_wconf 71' lang='lat' dir='ltr'><strong>Didyme,</strong></span> <span class='ocrx_word' id='word_1_153' title='bbox 1010 1660 1043 1715; x_wconf 84' lang='lat' dir='ltr'><strong>ad</strong></span> 
     </span>
     <span class='ocr_line' id='line_1_20' title="bbox 111 1728 1044 1815; baseline 0.001 -22"><span class='ocrx_word' id='word_1_154' title='bbox 111 1728 234 1815; x_wconf 55' lang='lat'><strong>20‚,}{&#39;³,¹,&#39;‚,‚</strong></span> <span class='ocrx_word' id='word_1_155' title='bbox 300 1740 524 1809; x_wconf 87' lang='lat' dir='ltr'><strong>condiscipulos:</strong></span> <span class='ocrx_word' id='word_1_156' title='bbox 553 1741 660 1795; x_wconf 85' lang='lat' dir='ltr'><strong>Eamus</strong></span> <span class='ocrx_word' id='word_1_157' title='bbox 685 1746 714 1797; x_wconf 83' lang='lat' dir='ltr'><strong>et</strong></span> <span class='ocrx_word' id='word_1_158' title='bbox 739 1758 811 1809; x_wconf 82' lang='lat' dir='ltr'><strong>noa,</strong></span> <span class='ocrx_word' id='word_1_159' title='bbox 835 1745 868 1795; x_wconf 89' lang='lat' dir='ltr'><strong>ut</strong></span> <span class='ocrx_word' id='word_1_160' title='bbox 893 1742 1044 1797; x_wconf 81' lang='lat' dir='ltr'><strong>moriamur</strong></span> 
     </span>
     <span class='ocr_line' id='line_1_21' title="bbox 247 1821 1043 1892; baseline -0.003 -15"><span class='ocrx_word' id='word_1_161' title='bbox 247 1825 279 1877; x_wconf 84' lang='lat'><strong>17</strong></span> <span class='ocrx_word' id='word_1_162' title='bbox 299 1837 363 1875; x_wconf 92' lang='lat' dir='ltr'><strong>cum</strong></span> <span class='ocrx_word' id='word_1_163' title='bbox 397 1836 439 1875; x_wconf 87' lang='lat' dir='ltr'><strong>eo.</strong></span> <span class='ocrx_word' id='word_1_164' title='bbox 512 1821 597 1877; x_wconf 82' lang='lat' dir='ltr'><strong>Venit</strong></span> <span class='ocrx_word' id='word_1_165' title='bbox 628 1822 726 1892; x_wconf 84' lang='lat' dir='ltr'><strong>itaque</strong></span> <span class='ocrx_word' id='word_1_166' title='bbox 753 1822 846 1877; x_wconf 87' lang='lat' dir='ltr'><strong>Iesus:</strong></span> <span class='ocrx_word' id='word_1_167' title='bbox 880 1825 909 1876; x_wconf 86' lang='lat' dir='ltr'><strong>et</strong></span> <span class='ocrx_word' id='word_1_168' title='bbox 938 1822 1043 1877; x_wconf 86' lang='lat' dir='ltr'><strong>invenit</strong></span> 
     </span>
    </p>

    <p class='ocr_par' dir='ltr' id='par_1_13' title="bbox 299 1902 1044 1971">
     <span class='ocr_line' id='line_1_22' title="bbox 299 1902 1044 1971; baseline 0.003 -16"><span class='ocrx_word' id='word_1_169' title='bbox 299 1918 366 1955; x_wconf 86' lang='lat' dir='ltr'><strong>eum</strong></span> <span class='ocrx_word' id='word_1_170' title='bbox 408 1905 545 1971; x_wconf 85' lang='lat' dir='ltr'><strong>quattuor</strong></span> <span class='ocrx_word' id='word_1_171' title='bbox 588 1902 649 1957; x_wconf 85' lang='lat' dir='ltr'><strong>dies</strong></span> <span class='ocrx_word' id='word_1_172' title='bbox 693 1903 750 1957; x_wconf 88' lang='lat' dir='ltr'><strong>iam</strong></span> <span class='ocrx_word' id='word_1_173' title='bbox 792 1902 821 1956; x_wconf 91' lang='lat' dir='ltr'><strong>in</strong></span> <span class='ocrx_word' id='word_1_174' title='bbox 861 1907 1044 1958; x_wconf 88' lang='lat' dir='ltr'><strong>monumento</strong></span> 
     </span>
    </p>

    <p class='ocr_par' dir='ltr' id='par_1_14' title="bbox 246 1981 1045 2133">
     <span class='ocr_line' id='line_1_23' title="bbox 246 1981 1045 2051; baseline 0.003 -14"><span class='ocrx_word' id='word_1_175' title='bbox 246 1986 280 2037; x_wconf 88' lang='lat'><strong>18</strong></span> <span class='ocrx_word' id='word_1_176' title='bbox 298 1981 461 2037; x_wconf 80' lang='lat' dir='ltr'><strong>habentem.</strong></span> <span class='ocrx_word' id='word_1_177' title='bbox 503 1983 585 2051; x_wconf 84' lang='lat' dir='ltr'><strong>(Erat</strong></span> <span class='ocrx_word' id='word_1_178' title='bbox 612 1986 708 2037; x_wconf 87' lang='lat' dir='ltr'><strong>autem</strong></span> <span class='ocrx_word' id='word_1_179' title='bbox 733 1982 875 2037; x_wconf 81' lang='lat' dir='ltr'><strong>Bethania</strong></span> <span class='ocrx_word' id='word_1_180' title='bbox 900 1982 984 2038; x_wconf 80' lang='lat' dir='ltr'><strong>iuxta</strong></span> <span class='ocrx_word' id='word_1_181' title='bbox 1007 1984 1045 2039; x_wconf 87' lang='lat' dir='ltr'><strong>le-</strong></span> 
     </span>
     <span class='ocr_line' id='line_1_24' title="bbox 247 2062 1045 2133; baseline 0 -16"><span class='ocrx_word' id='word_1_182' title='bbox 247 2064 471 2132; x_wconf 79' lang='lat' dir='ltr'><strong>lerosolymam</strong></span> <span class='ocrx_word' id='word_1_183' title='bbox 499 2063 583 2133; x_wconf 86' lang='lat' dir='ltr'><strong>qnasi</strong></span> <span class='ocrx_word' id='word_1_184' title='bbox 610 2063 712 2118; x_wconf 85' lang='lat' dir='ltr'><strong>stadiis</strong></span> <span class='ocrx_word' id='word_1_185' title='bbox 741 2062 923 2132; x_wconf 85' lang='lat' dir='ltr'><strong>quindecim.)</strong></span> <span class='ocrx_word' id='word_1_186' title='bbox 968 2064 1045 2119; x_wconf 86' lang='lat' dir='ltr'><strong>Multi</strong></span> 
     </span>
    </p>

    <p class='ocr_par' dir='ltr' id='par_1_15' title="bbox 299 2142 1046 2211">
     <span class='ocr_line' id='line_1_25' title="bbox 299 2142 1046 2211; baseline 0.004 -14"><span class='ocrx_word' id='word_1_187' title='bbox 299 2146 395 2198; x_wconf 87' lang='lat' dir='ltr'><strong>autem</strong></span> <span class='ocrx_word' id='word_1_188' title='bbox 433 2161 469 2198; x_wconf 84' lang='lat' dir='ltr'><strong>ex</strong></span> <span class='ocrx_word' id='word_1_189' title='bbox 504 2142 618 2198; x_wconf 87' lang='lat' dir='ltr'><strong>Iudaeis</strong></span> <span class='ocrx_word' id='word_1_190' title='bbox 655 2146 793 2198; x_wconf 83' lang='lat' dir='ltr'><strong>venerant</strong></span> <span class='ocrx_word' id='word_1_191' title='bbox 827 2143 865 2197; x_wconf 86' lang='lat' dir='ltr'><strong>ad</strong></span> <span class='ocrx_word' id='word_1_192' title='bbox 896 2144 1046 2211; x_wconf 77' lang='lat' dir='ltr'><strong>Martham,</strong></span> 
     </span>
    </p>

    <p class='ocr_par' dir='ltr' id='par_1_16' title="bbox 299 2223 1045 2291">
     <span class='ocr_line' id='line_1_26' title="bbox 299 2223 1045 2291; baseline 0.001 -12"><span class='ocrx_word' id='word_1_193' title='bbox 299 2227 329 2279; x_wconf 92' lang='lat' dir='ltr'><strong>et</strong></span> <span class='ocrx_word' id='word_1_194' title='bbox 353 2224 487 2291; x_wconf 86' lang='lat' dir='ltr'><strong>Mariam,</strong></span> <span class='ocrx_word' id='word_1_195' title='bbox 515 2228 547 2279; x_wconf 86' lang='lat' dir='ltr'><strong>ut</strong></span> <span class='ocrx_word' id='word_1_196' title='bbox 576 2225 792 2279; x_wconf 83' lang='lat' dir='ltr'><strong>consolarentur</strong></span> <span class='ocrx_word' id='word_1_197' title='bbox 818 2239 868 2278; x_wconf 88' lang='lat' dir='ltr'><strong>eas</strong></span> <span class='ocrx_word' id='word_1_198' title='bbox 896 2223 932 2279; x_wconf 87' lang='lat' dir='ltr'><strong>de</strong></span> <span class='ocrx_word' id='word_1_199' title='bbox 959 2225 1045 2280; x_wconf 86' lang='lat' dir='ltr'><strong>fratre</strong></span> 
     </span>
    </p>

    <p class='ocr_par' dir='ltr' id='par_1_17' title="bbox 245 2303 1045 2375">
     <span class='ocr_line' id='line_1_27' title="bbox 245 2303 1045 2375; baseline 0.001 -16"><span class='ocrx_word' id='word_1_200' title='bbox 245 2308 281 2359; x_wconf 78' lang='lat'><strong>20</strong></span> <span class='ocrx_word' id='word_1_201' title='bbox 299 2320 359 2359; x_wconf 83' lang='lat' dir='ltr'><strong>suo.</strong></span> <span class='ocrx_word' id='word_1_202' title='bbox 410 2304 522 2360; x_wconf 88' lang='lat' dir='ltr'><strong>Martha</strong></span> <span class='ocrx_word' id='word_1_203' title='bbox 559 2322 627 2375; x_wconf 77' lang='lat' dir='ltr'><strong>ergo</strong></span> <span class='ocrx_word' id='word_1_204' title='bbox 661 2308 694 2359; x_wconf 90' lang='lat' dir='ltr'><strong>ut</strong></span> <span class='ocrx_word' id='word_1_205' title='bbox 726 2303 835 2359; x_wconf 89' lang='lat' dir='ltr'><strong>audivit</strong></span> <span class='ocrx_word' id='word_1_206' title='bbox 867 2304 936 2374; x_wconf 89' lang='lat' dir='ltr'><strong>quia</strong></span> <span class='ocrx_word' id='word_1_207' title='bbox 967 2306 1045 2360; x_wconf 87' lang='lat' dir='ltr'><strong>lesus</strong></span> 
     </span>
    </p>

    <p class='ocr_par' dir='ltr' id='par_1_18' title="bbox 299 2383 1045 2451">
     <span class='ocr_line' id='line_1_28' title="bbox 299 2383 1045 2451; baseline 0.005 -14"><span class='ocrx_word' id='word_1_208' title='bbox 299 2384 390 2451; x_wconf 86' lang='lat' dir='ltr'><strong>venit,</strong></span> <span class='ocrx_word' id='word_1_209' title='bbox 414 2385 537 2440; x_wconf 83' lang='lat' dir='ltr'><strong>oocumit</strong></span> <span class='ocrx_word' id='word_1_210' title='bbox 559 2385 613 2439; x_wconf 88' lang='lat' dir='ltr'><strong>illi:</strong></span> <span class='ocrx_word' id='word_1_211' title='bbox 637 2384 728 2439; x_wconf 88' lang='lat' dir='ltr'><strong>Maria</strong></span> <span class='ocrx_word' id='word_1_212' title='bbox 751 2387 849 2439; x_wconf 86' lang='lat' dir='ltr'><strong>autern</strong></span> <span class='ocrx_word' id='word_1_213' title='bbox 868 2383 945 2439; x_wconf 87' lang='lat' dir='ltr'><strong>domi</strong></span> <span class='ocrx_word' id='word_1_214' title='bbox 968 2386 1045 2441; x_wconf 87' lang='lat' dir='ltr'><strong>sede-</strong></span> 
     </span>
    </p>

    <p class='ocr_par' dir='ltr' id='par_1_19' title="bbox 188 2464 1044 2535">
     <span class='ocr_line' id='line_1_29' title="bbox 188 2464 1044 2535; baseline 0.002 -16"><span class='ocrx_word' id='word_1_215' title='bbox 188 2486 235 2519; x_wconf 81' lang='lat' dir='ltr'><strong>aa.</strong></span> <span class='ocrx_word' id='word_1_216' title='bbox 245 2469 278 2521; x_wconf 75' lang='lat'><strong>21</strong></span> <span class='ocrx_word' id='word_1_217' title='bbox 299 2465 358 2519; x_wconf 87' lang='lat' dir='ltr'><strong>bat.</strong></span> <span class='ocrx_word' id='word_1_218' title='bbox 396 2464 475 2520; x_wconf 89' lang='lat' dir='ltr'><strong>Dixit</strong></span> <span class='ocrx_word' id='word_1_219' title='bbox 499 2483 566 2535; x_wconf 86' lang='lat' dir='ltr'><strong>ergo</strong></span> <span class='ocrx_word' id='word_1_220' title='bbox 590 2465 703 2520; x_wconf 88' lang='lat' dir='ltr'><strong>Martha</strong></span> <span class='ocrx_word' id='word_1_221' title='bbox 726 2465 765 2521; x_wconf 87' lang='lat' dir='ltr'><strong>ad</strong></span> <span class='ocrx_word' id='word_1_222' title='bbox 786 2465 893 2520; x_wconf 77' lang='lat' dir='ltr'><strong>lesum:</strong></span> <span class='ocrx_word' id='word_1_223' title='bbox 918 2466 1044 2534; x_wconf 88' lang='lat' dir='ltr'><strong>Domine,</strong></span> 
     </span>
    </p>

    <p class='ocr_par' dir='ltr' id='par_1_20' title="bbox 299 2544 1044 2614">
     <span class='ocr_line' id='line_1_30' title="bbox 299 2544 1044 2614; baseline 0.007 -16"><span class='ocrx_word' id='word_1_224' title='bbox 299 2544 325 2598; x_wconf 87' lang='lat' dir='ltr'><strong>si</strong></span> <span class='ocrx_word' id='word_1_225' title='bbox 351 2544 456 2601; x_wconf 82' lang='lat' dir='ltr'><strong>fuisses</strong></span> <span class='ocrx_word' id='word_1_226' title='bbox 482 2546 542 2614; x_wconf 86' lang='lat' dir='ltr'><strong>hio,</strong></span> <span class='ocrx_word' id='word_1_227' title='bbox 569 2545 659 2599; x_wconf 87' lang='lat' dir='ltr'><strong>frater</strong></span> <span class='ocrx_word' id='word_1_228' title='bbox 677 2562 758 2601; x_wconf 88' lang='lat' dir='ltr'><strong>meus</strong></span> <span class='ocrx_word' id='word_1_229' title='bbox 776 2562 834 2601; x_wconf 86' lang='lat' dir='ltr'><strong>non</strong></span> <span class='ocrx_word' id='word_1_230' title='bbox 852 2546 957 2601; x_wconf 79' lang='lat' dir='ltr'><strong>luisset</strong></span> <span class='ocrx_word' id='word_1_231' title='bbox 975 2564 1044 2603; x_wconf 89' lang='lat' dir='ltr'><strong>mor·</strong></span> 
     </span>
    </p>
   </div>
   <div class='ocr_carea' id='block_1_3' title="bbox 246 2625 1043 2699">
    <p class='ocr_par' dir='ltr' id='par_1_21' title="bbox 246 2625 1043 2699">
     <span class='ocr_line' id='line_1_31' title="bbox 246 2625 1043 2699; baseline 0.003 -18"><span class='ocrx_word' id='word_1_232' title='bbox 246 2630 281 2681; x_wconf 72' lang='lat'><strong>22</strong></span> <span class='ocrx_word' id='word_1_233' title='bbox 300 2628 381 2680; x_wconf 88' lang='lat' dir='ltr'><strong>tuus:</strong></span> <span class='ocrx_word' id='word_1_234' title='bbox 426 2625 477 2681; x_wconf 85' lang='lat' dir='ltr'><strong>sed</strong></span> <span class='ocrx_word' id='word_1_235' title='bbox 509 2631 539 2682; x_wconf 87' lang='lat' dir='ltr'><strong>et</strong></span> <span class='ocrx_word' id='word_1_236' title='bbox 566 2642 641 2681; x_wconf 88' lang='lat' dir='ltr'><strong>nunc</strong></span> <span class='ocrx_word' id='word_1_237' title='bbox 668 2626 727 2681; x_wconf 88' lang='lat' dir='ltr'><strong>scio</strong></span> <span class='ocrx_word' id='word_1_238' title='bbox 756 2626 824 2696; x_wconf 90' lang='lat' dir='ltr'><strong>quia</strong></span> <span class='ocrx_word' id='word_1_239' title='bbox 851 2642 1043 2699; x_wconf 84' lang='lat' dir='ltr'><strong>quaecumque</strong></span> 
     </span>
    </p>
   </div>
   <div class='ocr_carea' id='block_1_4' title="bbox 352 2794 790 3165">
    <p class='ocr_par' dir='ltr' id='par_1_22' title="bbox 352 2794 790 3034">
     <span class='ocr_line' id='line_1_32' title="bbox 352 2794 755 2849; baseline 0 -11"><span class='ocrx_word' id='word_1_240' title='bbox 352 2795 439 2839; x_wconf 66' lang='lat' dir='ltr'><strong>reiicit</strong></span> <span class='ocrx_word' id='word_1_241' title='bbox 518 2794 660 2849; x_wconf 75' lang='lat' dir='ltr'><strong>o&gt;lspid</strong></span> <span class='ocrx_word' id='word_1_242' title='bbox 674 2794 755 2838; x_wconf 84' lang='lat' dir='ltr'><strong>iudaei</strong></span> 
     </span>
     <span class='ocr_line' id='line_1_33' title="bbox 352 2853 790 2909; baseline -0.002 -8"><span class='ocrx_word' id='word_1_243' title='bbox 352 2853 405 2909; x_wconf 83' lang='lat'><strong>9&gt;</strong></span> <span class='ocrx_word' id='word_1_244' title='bbox 418 2858 492 2901; x_wconf 85' lang='lat' dir='ltr'><strong>horae</strong></span> <span class='ocrx_word' id='word_1_245' title='bbox 507 2860 564 2902; x_wconf 84' lang='lat' dir='ltr'><strong>sunt</strong></span> <span class='ocrx_word' id='word_1_246' title='bbox 644 2865 671 2901; x_wconf 88' lang='lat'><strong>10</strong></span> <span class='ocrx_word' id='word_1_247' title='bbox 686 2880 709 2891; x_wconf 97' lang='lat'>-</span> <span class='ocrx_word' id='word_1_248' title='bbox 724 2858 750 2901; x_wconf 89' lang='lat' dir='ltr'><strong>in</strong></span> <span class='ocrx_word' id='word_1_249' title='bbox 766 2859 790 2899; x_wconf 82' lang='lat'><strong>1⁰</strong></span> 
     </span>
     <span class='ocr_line' id='line_1_34' title="bbox 353 2919 781 2975; baseline 0.005 -12"><span class='ocrx_word' id='word_1_250' title='bbox 353 2928 377 2963; x_wconf 77' lang='grc' dir='ltr'><strong>ιι</strong></span> <span class='ocrx_word' id='word_1_251' title='bbox 392 2920 508 2975; x_wconf 81' lang='lat' dir='ltr'><strong>posthoc</strong></span> <span class='ocrx_word' id='word_1_252' title='bbox 522 2919 582 2965; x_wconf 88' lang='lat' dir='ltr'><strong>dicit</strong></span> <span class='ocrx_word' id='word_1_253' title='bbox 606 2922 610 2974; x_wconf 84' lang='grc' dir='ltr'>Ι</span> <span class='ocrx_word' id='word_1_254' title='bbox 635 2919 781 2966; x_wconf 83' lang='lat' dir='ltr'><strong>exsuscitem</strong></span> 
     </span>
     <span class='ocr_line' id='line_1_35' title="bbox 352 2982 624 3034; baseline 0.004 -8"><span class='ocrx_word' id='word_1_255' title='bbox 352 2990 379 3026; x_wconf 75' lang='lat'><strong>14</strong></span> <span class='ocrx_word' id='word_1_256' title='bbox 394 2988 416 3034; x_wconf 91' lang='lat'>&gt;</span> <span class='ocrx_word' id='word_1_257' title='bbox 433 2982 494 3027; x_wconf 82' lang='lat' dir='ltr'><strong>dixit</strong></span> <span class='ocrx_word' id='word_1_258' title='bbox 508 2983 543 3027; x_wconf 87' lang='lat' dir='ltr'><strong>sis</strong></span> <span class='ocrx_word' id='word_1_259' title='bbox 557 2982 624 3027; x_wconf 85' lang='lat' dir='ltr'><strong>iesus</strong></span> 
     </span>
    </p>

    <p class='ocr_par' dir='ltr' id='par_1_23' title="bbox 352 3046 517 3101">
     <span class='ocr_line' id='line_1_36' title="bbox 352 3046 517 3101; baseline 0.012 -12"><span class='ocrx_word' id='word_1_260' title='bbox 352 3054 378 3089; x_wconf 82' lang='lat' dir='ltr'><strong>ro</strong></span> <span class='ocrx_word' id='word_1_261' title='bbox 391 3049 440 3097; x_wconf 85' lang='lat' dir='ltr'><strong>nt]</strong></span> <span class='ocrx_word' id='word_1_262' title='bbox 456 3046 476 3101; x_wconf 57' lang='grc' dir='ltr'><em>ᾖ</em></span> <span class='ocrx_word' id='word_1_263' title='bbox 492 3049 517 3091; x_wconf 85' lang='lat' dir='ltr'><strong>at</strong></span> 
     </span>
    </p>

    <p class='ocr_par' dir='ltr' id='par_1_24' title="bbox 352 3108 552 3165">
     <span class='ocr_line' id='line_1_37' title="bbox 352 3108 552 3165; baseline 0.005 -12"><span class='ocrx_word' id='word_1_264' title='bbox 352 3116 378 3153; x_wconf 76' lang='lat'><strong>18</strong></span> <span class='ocrx_word' id='word_1_265' title='bbox 391 3108 552 3165; x_wconf 79' lang='lat' dir='ltr'><strong>hierosolyma</strong></span> 
     </span>
    </p>
   </div>
   <div class='ocr_carea' id='block_1_5' title="bbox 642 3191 684 3235">
    <p class='ocr_par' dir='ltr' id='par_1_25' title="bbox 642 3191 684 3235">
     <span class='ocr_line' id='line_1_38' title="bbox 642 3191 684 3235; baseline 0 0"><span class='ocrx_word' id='word_1_266' title='bbox 642 3191 684 3235; x_wconf 72' lang='lat'><strong>266</strong></span> 
     </span>
    </p>
   </div>
   <div class='ocr_carea' id='block_1_6' title="bbox 0 0 1155 3434">
    <p class='ocr_par' dir='ltr' id='par_1_26' title="bbox 0 0 1155 3434">
     <span class='ocr_line' id='line_1_39' title="bbox 0 0 1155 3434; baseline 0 0"><span class='ocrx_word' id='word_1_267' title='bbox 0 0 1155 3434; x_wconf 95' lang='lat' dir='ltr'><strong> </strong></span> 
     </span>
    </p>
   </div>
  </div>
 </body>
</html>
