2275 3434
196 152 336 221 lte-15.
400 151 520 208 ACTVS
543 150 828 209 APOSTOLORVM.

26 334 41 365 c
53 337 100 375 aa.
112 335 184 376 aaa.
213 316 230 367 3
250 314 477 379 circumcisione,
494 314 498 351 ¹
515 314 660 369 dicentes:
688 314 783 383 Quare
810 312 936 367 introisti
961 311 997 365 ad

249 394 325 449 viros
358 394 540 463 praeputium
570 394 726 461 habentes,
759 397 789 447 et
816 392 999 446 manducasti

212 478 230 527 4
249 491 313 529 cum
333 474 407 528 illis?
435 474 578 543 Incipiens
598 478 694 529 autern
713 475 816 528 Petrus
835 473 999 542 exponebat

35 578 124 617 ino-m
138 578 183 618 ap.
213 554 303 609 billis
325 554 468 621 ordinem,
494 554 607 609 dicens:
629 554 712 623 'Ego
735 570 813 608 eram
832 554 862 607 in
881 552 999 607 civitate

248 636 335 705 Ioppe
354 651 455 703 oranS,
476 638 506 689 et
524 634 583 689 vidi
602 635 631 688 in
651 651 772 689 excessu
790 633 896 688 mentis
914 632 999 688 visio-

249 732 326 782 nem,
353 714 530 769 descendens
549 732 602 768 vas
621 714 765 783 quoddam
784 714 862 768 velut
880 714 998 768 linteum

248 812 383 864 magnum
410 798 546 863 quattuor
571 795 661 849 initiis
687 794 825 848 summitti
851 794 887 853 de
911 794 1000 860 caelo,

213 880 229 929 6
249 880 278 930 et
297 875 375 929 venit
395 890 486 944 usque
507 874 543 928 ad
562 891 617 929 me.
654 875 685 928 In
704 873 781 943 quod
800 874 915 928 intuens
935 890 1000 927 con-

249 955 427 1022 siderabam,
460 958 488 1009 et
514 954 575 1009 vidi
603 954 801 1024 quadrupedia
828 957 939 1021 terrae,
971 957 1000 1007 et

213 1040 228 1089 7
249 1034 368 1101 bestias,
395 1038 424 1089 et
442 1034 564 1103 reptilia,
584 1038 614 1089 et
631 1035 760 1088 volatilia
779 1034 858 1087 caeti.
895 1032 1000 1087 Audivi

250 1119 346 1169 autern
366 1118 395 1169 et
413 1130 513 1169 vocem
532 1114 675 1169 dicentem
694 1111 776 1168 mihi:
797 1113 889 1183 Surge
906 1113 1000 1179 Petre‚

213 1199 230 1249 8
249 1195 355 1262 occide,
375 1198 404 1249 et
419 1194 569 1249 manduca.
598 1194 664 1249 Dixi
680 1198 791 1249 autem:
811 1193 1001 1263 Nequaquam

250 1275 386 1330 Domine:
407 1276 475 1344 quia
493 1291 643 1329 commune
662 1278 712 1330 aut
728 1274 904 1329 immundum
920 1290 1001 1327 num-

214 1360 230 1409 9
250 1372 337 1425 quam
355 1356 485 1410 introivit
503 1355 532 1409 in
549 1373 582 1410 os
600 1371 701 1409 meum.
730 1354 888 1423 Respondit
903 1357 1001 1408 autern

250 1454 306 1489 vox
325 1436 451 1491 secundo
471 1435 505 1490 de
525 1436 619 1489 caelo:
646 1435 726 1504 Quae
745 1434 823 1488 Deus
842 1433 1002 1500 mundavit,

198 1521 232 1572 10
251 1521 282 1570 tu
308 1533 344 1570 ne
369 1532 517 1571 commuue
542 1516 656 1570 dixeris
693 1516 755 1569 Hoc
773 1519 871 1569 autern
891 1514 1002 1568 factum

251 1601 296 1651 est
314 1613 366 1666 per
383 1601 441 1651 ter:
462 1600 491 1651 et
509 1600 627 1665 recepta
646 1600 713 1650 sunt
732 1595 828 1649 omnia
843 1611 958 1649 rursum
971 1595 1003 1648 in

198 1682 229 1734 11
251 1679 367 1731 caelum.
397 1677 433 1731 Et
453 1694 518 1731 ecce
534 1676 588 1730 viri
606 1680 664 1730 tres
679 1675 830 1730 confestim
846 1676 1003 1729 astiterunt

251 1758 280 1811 in
299 1757 396 1823 domo,
422 1758 451 1810 in
470 1774 527 1825 qua
546 1773 640 1822 eram,
663 1756 744 1810 missi
764 1772 782 1809 a
801 1756 946 1809 Caesarea
965 1754 1002 1809 ad

129 1859 185 1898 rosa.
198 1842 231 1892 12
251 1853 304 1891 me.
343 1837 421 1890 Dixit
446 1841 542 1891 autem
562 1836 687 1905 Spiritus
706 1836 775 1890 mihi
794 1839 827 1891 ut
845 1836 914 1889 irem
936 1852 1000 1889 curn

252 1918 314 1984 illis,
334 1917 402 1970 nihil
421 1917 577 1971 haesitans
610 1918 755 1971 Venerunt
774 1920 870 1971 autem
888 1932 1002 1970 mecum

252 2003 280 2052 et
306 2014 357 2051 sex
382 1998 486 2051 fratres
505 1998 571 2065 isti,-
597 2001 626 2051 et
645 1997 766 2066 ingressi
785 2014 885 2050 sumus
904 1996 933 2050 in
953 1995 1002 2049 do·

199 2081 232 2132 13
252 2096 329 2131 mum
354 2078 414 2131 viri.
452 2077 587 2132 Narravit
613 2082 709 2131 autern
734 2078 833 2143 nobis,
857 2075 1002 2145 quomodo

252 2158 372 2212 vidisset
394 2158 533 2226 Angelum
559 2158 590 2211 in
615 2158 699 2213 domo
725 2175 793 2225 sua,
820 2161 946 2211 stantem
972 2160 1001 2210 et

253 2239 393 2293 dicentem
421 2238 490 2291 sibi:
520 2238 601 2293 Mitte
630 2239 666 2292 in·
684 2239 806 2307 Ioppen,
834 2242 863 2291 et
891 2236 1001 2291 accersi

200 2322 233 2373 14
253 2319 409 2385 Simonem,
435 2318 483 2386 qui
504 2318 722 2387 cognominatur
741 2319 856 2383 Petrae,
872 2319 878 2355 ¹
894 2317 943 2386 qui
962 2317 1001 2369 lo-

253 2401 356 2467 quetur
374 2398 425 2451 tihi
445 2399 541 2463 verba,
561 2399 590 2451 in
610 2398 713 2467 quibus
729 2398 826 2451 salvus
840 2396 897 2451 eris
911 2401 952 2463 tu,
972 2399 1001 2449 et

199 2483 232 2533 15
252 2480 386 2532 universa
399 2476 499 2532 domus
515 2482 574 2532 tua.
595 2478 666 2532 Cum
681 2482 777 2531 autem
790 2477 948 2545 coepissem
961 2476 1000 2528 lo·

253 2559 309 2627 qui,
325 2558 426 2612 cecidit
437 2558 560 2627 Spiritus
576 2562 694 2613 sanctus
709 2574 796 2627 super
810 2574 868 2623 coe,
883 2557 957 2610 sicut
972 2558 1001 2608 et

307 2915 319 2950 5
334 2908 354 2962 g·
369 2908 459 2951 mentis
474 2919 541 2952 meae

307 2986 333 3021 10
348 2983 370 3029 >
387 2990 479 3022 rursum
495 2979 577 3033 omnia

307 3056 332 3091 11
348 3053 371 3099 >
387 3050 450 3092 conf.
466 3052 515 3093 tres
531 3051 577 3094 viri

309 3126 334 3161 15
348 3120 438 3163 decidit

598 3198 640 3242 332
