2275 3434
252 131 395 200 tta—16.
492 136 692 194 SECVNDVM
717 136 851 193 LVCAM.

178 310 243 354 nra.
272 296 500 351 3monumento.
545 298 583 351 Et
617 298 765 367 ingressae
798 316 855 353 non
887 298 1065 353 invenerunt

147 388 185 425 Aa
196 393 242 434 1,1o.
271 376 412 444 4corpus
440 377 554 432 Domini
583 378 656 432 Iesu.
699 378 736 432 Et
763 378 873 432 factum
900 382 962 445 est,
990 378 1065 432 dum

307 461 403 511 mente
427 461 629 513 consternatae
649 462 748 513 essent
766 457 801 512 de
820 458 890 525 isto,
915 474 982 513 ecce
1004 458 1066 512 duo

307 536 360 589 viri
388 540 532 593 steterunt
559 555 644 593 secus
671 539 736 593 illas
763 540 792 592 in
817 542 898 593 veste
927 538 1062 607 fulgenti.

152 629 182 675 sp
195 634 242 675 ms.
271 618 288 667 5
308 615 380 671 Cum
406 618 540 673 timerent
565 623 677 685 autem,
702 622 732 673 et
750 618 929 674 declinarent
946 619 1061 674 vultum
1071 610 1096 691 ξ

307 697 336 751 in
359 701 481 766 terram,
507 698 642 753 dixerunt
665 699 702 754 ad
719 699 797 753 illas:
824 698 899 768 Quid
918 700 1061 768 quaeritis

272 778 451 833 6viventem
479 796 543 833 cum
572 780 712 834 mortuis?
757 797 815 834 non
843 784 888 834 est
916 780 979 847 hic,
1010 779 1063 833 sed

307 860 445 914 surrexit:
482 859 671 915 recordamini
708 860 830 929 qualiter
866 861 982 915 locutus
1018 865 1064 914 est

115 952 142 987 m
154 954 242 996 imaro.
271 942 286 992 7
306 938 402 1007 vobiS,
422 956 486 994 cum
506 940 600 995 adhuc
616 940 647 994 in
666 940 795 995 Galilaea
813 943 905 1007 esset,
921 941 926 978 ¹
942 939 1063 996 dicens:

307 1018 382 1088 Quia
407 1024 520 1089 oportet
546 1020 635 1075 lilium
660 1020 783 1075 hominis
807 1020 883 1076 tradi
903 1020 935 1075 in
952 1036 1064 1075 manus

306 1098 452 1154 hominum
467 1104 660 1169 peccatorum,
675 1107 704 1157 et
718 1101 853 1170 crucifigi,
868 1105 898 1156 et
909 1100 957 1155 die
970 1102 1063 1155 tertia

271 1180 288 1231 8
306 1195 463 1249 resurgere.
491 1181 528 1235 Et
546 1182 714 1236 recordatae
733 1186 802 1237 sunt
815 1180 969 1262 verborum
988 1181 1063 1234 eius.
1089 1242 1092 1245 ⁴

270 1262 287 1311 9
306 1259 343 1313 Et
361 1276 510 1329 regressae
528 1278 545 1315 a
561 1266 745 1317 monumento
761 1253 972 1316 nunciaverbnt
986 1242 1094 1321 haec?

187 1356 241 1397 aar.
254 1342 288 1393 10
307 1340 403 1395 omnia
420 1341 476 1395 illis
496 1342 636 1409 undecim,
655 1346 685 1397 et
699 1342 802 1397 ceteris
816 1341 957 1397 omnibus
988 1339 1090 1420 marg

307 1427 403 1476 autem
422 1422 513 1476 Maria
530 1422 712 1491 Magdalene,
731 1423 898 1489 stlocum,
917 1425 948 1476 et
966 1422 1062 1477 Maria

306 1501 416 1569 Iacobi,
435 1506 464 1557 et
483 1507 610 1570 ceterae,
629 1519 787 1571 quaecum
806 1502 848 1557 eis
867 1506 963 1569 erant,
984 1520 1060 1572 quae

139 1594 241 1639 cnmn.
254 1587 285 1637 11
307 1582 441 1638 dicebant
469 1582 506 1637 ad
534 1584 688 1653 Apostolos
715 1583 795 1637 haec.
832 1582 869 1637 Et
895 1582 961 1636 visa
991 1586 1057 1637 sunl

306 1667 373 1717 ante
391 1664 469 1731 illos,
491 1664 566 1718 sicut
585 1664 802 1718 deliramentum
820 1662 909 1717 verba
927 1662 1004 1716 ista:
1029 1667 1059 1716 et

254 1750 286 1802 12
305 1761 362 1798 non
389 1743 570 1798 crediderunt
594 1743 658 1798 illis
695 1743 798 1798 Petrus
818 1747 914 1797 autem
933 1758 1054 1811 surgens
1118 1776 1120 1811 ÷

306 1824 442 1879 cucurrit,
464 1824 501 1877 ad
533 1828 765 1878 monumentum:
803 1827 833 1878 et
863 1822 1054 1891 procumbens
1118 1818 1120 1827 '

305 1904 377 1958 vidit
402 1904 568 1958 linteamina
594 1905 656 1958 sola
680 1904 791 1972 posita,
817 1907 846 1958 et
865 1902 937 1957 abiit
955 1918 1058 1956 secum

305 1984 412 2039 mirans
432 1984 508 2054 quod
527 1984 637 2038 factum
655 1984 758 2038 fuerat.

136 2060 217 2095 ¹³·³⁶²
253 2072 286 2123 13
376 2066 412 2121 Et
441 2082 506 2120 ecce
532 2064 589 2119 duo
615 2081 650 2119 ex
675 2065 731 2119 illis
756 2064 837 2118 ibant
862 2064 927 2132 ipsa
952 2062 1003 2117 die
1028 2064 1060 2117 in

110 2104 240 2213 norom:
305 2146 468 2213 Castellum,
501 2144 577 2214 quod
610 2147 673 2198 crat
704 2144 734 2197 in
750 2144 861 2212 spatio
893 2141 1060 2197 stadiorum

252 2234 285 2284 14
305 2226 457 2295 sexaginta
476 2224 513 2279 ab
531 2225 695 2290 Ierusalem,
714 2224 828 2277 nomine
846 2222 993 2277 Emmaus,
1028 2228 1059 2277 et

304 2306 360 2376 ipsi
383 2306 574 2375 loquebantur
597 2304 633 2358 ad
652 2304 773 2358 invicem
793 2303 892 2358 dehis
911 2303 1060 2370 omnibus

143 2412 170 2443 nt
182 2412 239 2452 nso.
251 2393 284 2445 15
305 2403 378 2456 quae
399 2385 569 2441 acciderant.
598 2384 635 2439 Et
654 2384 763 2438 factum
782 2388 836 2452 est,
855 2384 922 2437 dum
942 2383 1060 2437 fabula-

304 2471 410 2534 rentur,
428 2471 456 2521 et
471 2483 568 2521 secum
583 2468 767 2534 quaererent:
788 2469 817 2519 et
831 2465 894 2533 ipse
907 2464 990 2517 lesus
1007 2482 1058 2533 ap-

210 2572 238 2605 n.
251 2554 284 2605 16
303 2548 498 2616 propinquans
511 2547 572 2600 ibat
585 2562 649 2599 cum
662 2546 728 2599 illis:
749 2545 822 2599 oculi
834 2548 930 2600 autem
940 2544 1055 2597 illorrun

358 2896 430 2950 2⁴,10
443 2894 549 2938 iohanne

357 2975 381 3009 11
397 2966 529 3009 credebant

357 3045 383 3081 12
399 3059 421 3070 -
438 3038 490 3081 sola

357 3118 383 3152 ro
397 3120 478 3151 eorum
