2275 3434
250 154 369 211 ACTVS
392 155 674 212 APOSTOLORVM.
704 156 890 224 itas-lta.

87 317 190 372 civitas
211 318 345 373 convenit
364 312 462 371 audire
477 319 595 372 verbum
610 317 671 371 Dei.
701 317 837 371 Videntes
854 318 891 370 45
902 337 929 369 a.
942 338 992 377 aa
1005 338 1051 377 aa.

87 401 183 452 autem
213 398 315 452 turbas
340 397 452 465 ludaei,
480 398 582 467 repleti
610 401 679 452 sunt
703 398 780 464 zelo,
808 400 844 451 et.
900 383 947 423 ⁵¹¹⁷·
962 382 1049 422 ¹²¹⁰’¹⁰'

87 477 326 532 contradicebant
344 478 402 544 his,
421 494 495 547 quae
515 494 532 531 a
551 478 640 532 Paulo
659 477 838 545 dicebantur,

86 558 332 627 blasphemantes,
369 557 450 612 Tunc
475 561 642 615 constanter
661 558 783 625 PauluS,
808 560 838 611 et
856 560 891 610 46
902 578 948 619 spo.
963 578 991 611 rn
1003 580 1049 619 aa.

87 638 237 692 Barnabas
261 638 408 693 dixerunt:
435 638 524 693 Vobis
544 639 696 707 oportebat
715 638 837 707 primum
903 622 975 708 hilm·

86 718 162 786 loqui
176 718 298 771 verbum
311 718 376 771 Dei:
392 717 444 771 sed
459 718 593 787 quoniam
608 717 745 786 repellitis
760 716 838 783 illud,

86 803 112 852 et
131 798 269 866 indignos
289 793 493 853 vos'iudicatis
513 798 647 853 aeternae
666 798 752 865 vitae,
771 814 838 851 ecce

86 878 282 932 convertimur
306 878 343 932 ad
367 877 483 932 Gentes
520 879 563 932 sic
589 878 664 932 enim
690 877 838 947 praecepit
856 880 890 930 47
903 900 978 939 aaa

86 958 168 1013 nobis
189 958 345 1012 Dominus:
902 944 975 986 Lau·

120 1054 209 1109 Posui
229 1058 259 1109 te
278 1055 307 1109 in
326 1056 418 1109 lucem
438 1054 582 1124 Gentium,

155 1140 190 1190 nt
218 1136 260 1189 sis
289 1136 318 1189 in
346 1136 469 1190 salutem
497 1153 589 1205 usque
615 1136 652 1190 ad
678 1140 837 1191 extremum

194 1219 297 1271 terrae.

84 1314 245 1369 Audientes
278 1318 375 1369 autem
404 1314 511 1369 Gentes
544 1316 662 1385 gavisae
693 1320 776 1384 sunt,
809 1320 838 1371 et
855 1319 959 1383 4811‚o.
973 1336 1048 1379 aaa.

83 1394 287 1465 glorificabant
310 1395 429 1449 verbum
448 1387 590 1450 Domini:¹
604 1399 634 1450 et
656 1396 838 1451 crediderunt

84 1477 229 1545 quotquot
255 1478 338 1529 erant
363 1476 556 1544 praeordinati
583 1476 620 1530 ad
639 1477 728 1531 vitam
747 1479 838 1531 aeter-

84 1573 159 1609 nam.
199 1555 451 1609 Disseminabatur
470 1560 566 1611 autem
586 1557 704 1611 verbum
723 1557 837 1611 Domini
855 1560 890 1609 49

85 1652 135 1705 per
158 1636 325 1690 universam
350 1635 502 1705 regionem.
539 1637 636 1691 ludaei
656 1641 753 1692 autem
772 1654 837 1691 con·
856 1640 891 1689 50

87 1718 250 1770 citaverunt
268 1715 400 1769 mulieres
419 1716 577 1785 religiosas
597 1721 626 1771 et
643 1716 789 1785 honestas
808 1720 838 1771 et

88 1796 193 1863 primos
208 1796 345 1862 civitatis
360 1799 389 1849 et
400 1796 598 1851 excitaverunt
608 1796 837 1865 persecutionem

87 1877 115 1929 in
130 1876 260 1942 Paulum,
281 1878 309 1929 et
324 1875 501 1931 Barnabam:
522 1880 551 1931 et
570 1877 713 1931 eiecerunt
733 1894 783 1932 eos
802 1877 837 1931 de

91 1956 190 2010 linibus
217 1955 288 2009 suis.
325 1956 363 2010 At
388 1956 426 2009 illi
452 1972 573 2010 excusso
597 1958 714 2025 pulvere
732 1957 837 2027 pedum
857 1961 889 2011 51
902 1983 948 2024 aa.
963 1982 990 2015 uz
1002 1983 1059 2024 aar.

93 2034 120 2087 in
141 2053 203 2103 eos,
231 2040 371 2089 venerunt
390 2036 523 2090 leonium.
560 2036 700 2105 Discipuli
724 2054 837 2106 quoque
857 2043 891 2092 52

90 2116 274 2183 replebantur
292 2115 407 2184 gaudio,
426 2119 455 2169 et
475 2115 584 2184 Spiritu
603 2120 712 2171 sancto.

55 2206 82 2250 38
158 2195 281 2249 Factum
307 2200 352 2249 est
379 2199 474 2249 autem
499 2196 602 2262 Iconii,
630 2198 661 2249 ut
687 2196 771 2249 simul
797 2197 838 2250 in·
852 2190 891 2261 14

88 2275 207 2330 troirent
244 2275 273 2328 in
308 2292 485 2345 synagogam
517 2275 701 2342 ludaeorum,
738 2280 767 2330 et
799 2277 838 2330 lo·
877 2269 880 2292 ²

87 2358 257 2423 querentur,
293 2355 335 2408 ita
366 2360 398 2409 ut
432 2354 560 2409 crederet
592 2354 776 2422 ludaeorum,
808 2359 837 2409 et

86 2435 261 2489 Graecorum
304 2436 421 2503 copiosa
463 2434 623 2490 multitudo.
679 2434 733 2505 Q'ui
769 2445 872 2493 veros)
902 2463 959 2504 aaa

85 2514 224 2569 increduli
281 2514 397 2569 fuerunt
446 2514 561 2583 Iudaei,
616 2516 837 2583 suscitaverunt,
877 2532 880 2536 ·

8 2634 9 2675 3
85 2600 115 2649 et
163 2594 199 2648 ad
246 2594 423 2648 iracundiam
466 2596 683 2650 concitaverunt
725 2595 836 2649 animas
932 2611 933 2617 ¹

142 2842 167 2879 44
181 2836 225 2880 Dei
239 2840 247 2887 ]
263 2836 354 2880 domini

142 2908 310 2951 miudioastis

142 2985 167 3021 47
182 2980 297 3033 gentibus

144 3058 168 3092 50
184 3055 206 3102 >
222 3052 292 3105 relig.
307 3052 363 3095 mul.
390 3056 393 3101 Ι
419 3052 546 3097 barnaban

144 3123 472 3181 td,1iniconio(5d⁰²-,)
498 3126 503 3177 t
528 3125 593 3167 -in

452 3204 491 3249 341
