2275 3434
289 144 487 201 SECVNDVM
513 143 688 200 IOANNEM.
743 144 902 211 lete-oo.

76 307 239 363 ‘Lazarum
258 305 374 362 vocavit
392 304 426 361 de
441 308 634 372 monumento,
654 308 683 360 et
697 304 849 361 suscitavit

94 404 164 443 eum
191 404 208 442 a
231 385 361 443 mortuis.
399 385 554 455 Propterea
578 388 608 439 et
633 385 748 441 obviam
770 384 849 441 veuit
869 389 942 443 lssm

94 467 123 522 ei
156 468 260 523 turha:
293 466 362 537 quia
390 465 541 521 audierunt
569 482 635 521 eum
662 465 767 521 fecisse
794 465 850 520 hoo

94 546 221 617 signum.
272 546 421 603 Pharisaei
457 563 525 617 ergo
562 545 696 601 dixerunt
732 546 769 601 ad
804 562 849 601 se·
869 550 903 603 19
913 570 971 611 nm

94 628 253 698 metipsos:
274 626 384 683 Videtis
403 628 471 697 quia
489 626 558 681 nihil
577 626 760 695 proficimus?
782 642 848 681 eone

95 706 222 763 mundus
240 712 321 764 totus
339 711 407 778 post
426 724 490 763 eum
510 707 590 763 abiit.

170 788 261 845 Erant
280 791 377 845 autem
396 787 512 857 quidam
527 788 658 845 Gentiles
675 806 711 844 ex
727 787 781 855 his,
799 786 849 858 qui
868 794 964 851 mnan
977 810 1035 852 mn.

97 868 291 925 ascenderant
317 872 350 923 ut
378 867 530 925 adorarent
558 868 588 923 in
615 870 661 925 die
687 869 770 925 sesto.
812 867 849 923 Hi
867 876 901 927 ol
914 892 960 932 nu.

98 966 167 1019 ergo
193 952 379 1005 aceessenmt
405 948 442 1003 ad
466 949 644 1019 Philippum,
669 950 719 1019 qui
743 953 806 1006 erat
831 965 850 1005 a
912 935 1049 977 ΝΜ

99 1029 258 1085 Bethsaida
286 1029 446 1097 Galilaeae,
474 1033 504 1085 et
531 1030 673 1099 rogabant
700 1047 780 1098 eum,
808 1029 848 1085 di·

99 1114 213 1166 nentes:
232 1110 363 1178 Domine,
379 1111 510 1165 volumus
524 1110 620 1166 lesum
632 1110 738 1167 videre.
764 1109 849 1167 Venit
867 1119 902 1169 22

98 1190 258 1261 Philippus,
278 1193 308 1245 et
327 1190 397 1245 dicit
414 1189 558 1247 Andreae:
578 1190 709 1247 Androm
726 1207 848 1258 rursum,

68 1266 128 1346 ¹{let
145 1271 298 1341 Philippus
323 1270 456 1327 dixerunt
474 1271 547 1327 Iesu.
584 1272 665 1327 Iesus
687 1275 783 1328 autem
806 1288 848 1327 re·
867 1279 971 1335 lemn,

99 1351 216 1421 spondit
233 1351 284 1419 eis,
304 1350 416 1407 dicens:
435 1351 520 1407 Venit
533 1352 614 1420 hora,
631 1356 665 1408 ut
679 1352 849 1409 clarificetur

69 1426 187 1506 l{ffl'ilius
206 1431 339 1487 hominis.
375 1433 475 1499 Amen,
498 1449 582 1487 amen
601 1432 665 1489 dieo
683 1432 774 1500 vobis,
793 1433 850 1488 nisi
867 1440 902 1491 24
913 1452 928 1486 n
939 1454 986 1495 un.

99 1530 220 1583 granum
241 1512 376 1569 frumeuti
395 1512 502 1569 cadens
520 1513 549 1567 in
568 1517 684 1582 terram,
704 1518 849 1569 mortuum
913 1498 951 1533 ¹¹¹
963 1498 1022 1539 Μ’

101 1594 200 1663 luerit3
230 1593 325 1663 ipsum
350 1595 442 1649 solum
464 1598 572 1649 menet.
607 1594 635 1649 si
656 1597 753 1651 autem
775 1612 848 1650 mor·

70 1668 182 1749 iginum
195 1673 292 1743 luerit,
306 1674 426 1729 multum
439 1674 564 1731 fructum
580 1674 672 1731 affert.
684 1675 756 1745 'Qui
770 1678 849 1731 amat
867 1682 901 1733 25
914 1695 940 1730 m
951 1697 1009 1737 nm

101 1754 226 1810 animam
240 1770 331 1821 suam,
345 1753 446 1824 perdet
460 1771 536 1809 earn:
552 1758 582 1811 et
596 1756 645 1825 qui
654 1755 715 1811 odit
725 1755 850 1812 animam
912 1741 1000 1784 ¹¹¹⁴’²⁰³
1012 1741 1070 1782 ¹⁷¹⁸*

101 1852 182 1891 suam
193 1835 224 1889 in
234 1834 289 1891 hoo
298 1833 413 1903 mundo,
427 1835 456 1889 in
465 1836 555 1891 vitam
565 1840 712 1892 aeternam
722 1836 849 1894 custodit

71 1910 172 1991 l{leam
202 1914 233 1970 Si
253 1915 317 1985 quis
331 1914 400 1970 mihi
414 1916 567 1983 ministrat,
586 1933 632 1971 me
647 1920 799 1987 sequatur:
820 1920 849 1971 et
867 1925 902 1975 26
915 1938 964 1980 un,
977 1938 1034 1980 nan

102 1996 150 2052 uhi
173 2012 239 2051 sum
258 2011 323 2065 ego,
347 1996 404 2051 illio
423 2000 453 2051 et
470 1996 601 2053 minister
618 2013 700 2052 meus
718 1998 780 2053 erit.
818 1996 849 2051 Si

104 2077 165 2147 quis
199 2075 270 2131 mihi
301 2074 522 2144 ministraverit,
553 2076 752 2131 honorificabit
784 2094 849 2133 eum

74 2151 96 2233 ’ζ’
104 2156 187 2213 Pater
212 2172 301 2211 meus
338 2156 421 2225 Nune
445 2156 540 2213 anima
564 2172 629 2212 mea
653 2157 770 2212 tnrbata
795 2159 848 2212 est.
867 2163 901 2213 27
914 2179 1047 2221 nenas.

104 2236 138 2294 Et
161 2235 231 2307 qnid
255 2235 368 2292 dinam?
404 2236 504 2304 Pater,
529 2237 659 2292 salvifica
676 2253 723 2291 me
740 2253 778 2292 en
795 2236 850 2292 hae
914 2224 1010 2266 '‘md“

76 2312 179 2393 lssshora
217 2316 299 2373 *Sed
324 2320 476 2387 propterea
501 2318 567 2373 veni
591 2316 620 2371 in
644 2317 743 2373 horam
766 2317 848 2372 hano.

107 2398 215 2465 'Paten
233 2396 358 2453 elarifim
375 2414 478 2453 nomen
494 2401 585 2453 tuum.
613 2397 697 2452 Venit
711 2414 779 2467 ergo
793 2414 850 2453 vox
868 2403 902 2453 28
915 2423 963 2462 nn,
979 2422 1026 2463 nn.

107 2478 139 2533 de
157 2478 252 2535 eaelo:
271 2478 308 2533 nt
327 2477 489 2545 clarificavi,
508 2481 538 2533 et
556 2478 660 2533 iterum
678 2478 849 2534 clarificabo.
913 2466 1003 2508 ’‘²⁸²¹'‘
1017 2466 1064 2507 ¹⁷²⁵·

107 2559 199 2615 Turba
218 2574 299 2627 ergo,
324 2574 398 2628 quae
417 2558 531 2627 stabat,
556 2563 587 2616 et
605 2557 750 2627 audierat,
775 2558 850 2615 diee-
867 2564 902 2615 29
915 2581 997 2624 unna.

108 2639 154 2695 hat
179 2639 340 2695 tonitruum
367 2655 431 2694 esse
458 2639 577 2695 laetum.
617 2638 673 2694 Alii
700 2639 848 2695 dicebant:

108 2719 227 2789 Angelus
253 2718 279 2774 ei
298 2719 411 2775 loeutus
434 2723 487 2775 est.
524 2719 683 2790 Respondit
700 2720 797 2788 lesus,
820 2724 850 2776 et
867 2725 972 2785 adino.

110 2798 188 2856 dixit:
214 2798 278 2857 Non
302 2803 420 2869 propter
444 2815 490 2854 me
515 2799 586 2855 haee
604 2817 660 2855 vox
678 2800 772 2868 veuit,
798 2800 851 2857 sed

110 2913 315 2920 ..Q-m...-

157 2969 182 3007 12
196 2961 245 3004 -t
327 2965 390 3011 oo>
408 2963 473 3014 gent.
489 2960 587 3014 qnidam
667 2968 694 3006 22
707 2962 791 3007 disum

157 3022 182 3059 22
196 3014 345 3069 glorificatur
425 3021 452 3059 24
466 3014 498 3067 (n
511 3021 553 3059 inc.
566 3031 586 3059 v.
595 3020 622 3059 25
633 3014 714 3070 ipsum
728 3016 783 3068 sol.)

158 3074 182 3113 27
197 3072 219 3119 >
231 3069 292 3113 hora
301 3068 347 3112 hae
387 3075 414 3112 22
429 3070 530 3132 >tuum
539 3078 628 3113 nomen
639 3070 644 3123 Ι
656 3070 677 3125 2
687 3069 756 3115 eaelo
765 3070 849 3115 dleons

158 3128 182 3166 29
197 3126 219 3175 >
235 3122 294 3169 fact.
309 3132 364 3168 esse
387 3122 391 3177 Ι
417 3122 500 3178 selu
514 3123 597 3168 autem
649 3129 677 3167 eo
691 3127 714 3175 >
729 3134 777 3169 vox
789 3124 850 3168 haee

464 3201 503 3247 271
