2275 3434
159 179 210 234 AD
230 177 408 234 GALATAS.
441 179 491 234 AD
510 177 701 233 EPHESIOS.
739 180 890 247 one-lp.

70 341 109 393 hi
132 343 241 408 cogunt
265 356 317 394 vos
342 339 522 406 circumcidi,
548 342 720 394 tentdmut
744 340 837 395 crucis

71 419 194 474 Christi
213 420 441 489 persecutionem
468 437 525 476 non
543 420 701 490 patiantur.
737 420 837 490 Neque
857 427 890 477 13

71 501 161 555 enim
181 500 231 570 qui
254 500 509 568 circumciduntur,
535 502 630 570 legem
655 501 835 557 custodiunt:

71 580 134 635 sed
155 581 258 636 volunt
275 597 327 636 vos
342 580 515 649 circumcidi,
533 584 567 636 ut
585 582 615 635 in
634 599 719 636 cerne
738 585 837 637 vestra

31 670 64 714 35
73 661 252 730 glorientur.
290 659 358 716 Mihi
378 665 475 716 autem
494 661 572 716 absit
589 662 714 732 gloriari,
731 662 788 717 nisi
806 663 836 718 in
856 671 999 729 1411<1p1;
1011 690 1047 730 m.

73 758 170 796 cruce
188 742 302 797 Domini
326 742 419 797 nostri
441 742 506 798 lesu
525 742 648 798 Christi:
673 759 726 812 per
750 760 836 813 quem
1000 738 1017 828 ⁸.

72 823 154 877 mihi
174 822 297 878 mundus
317 823 468 878 crucifixus
484 826 537 891 est,
552 826 583 878 et
595 840 649 894 ego
663 823 778 880 mundo.
803 825 836 879 ln
855 831 889 884 15
899 850 935 892 sp.
948 852 957 882 ι
969 851 988 884 ι(
999 853 1046 893 no.

74 902 200 958 Christo
226 903 302 958 enim
320 904 385 958 lesu
410 921 503 974 neque
526 904 704 959 circumcisio
728 903 835 974 aliquid

74 984 175 1050 valet,
195 999 287 1053 neque
306 984 506 1054 praeputium,
529 984 581 1039 sed
600 1001 677 1039 nova
695 989 834 1046 creatura

76 1063 119 1118 Et
128 1063 303 1134 quicumque
317 1065 391 1119 hanc
402 1065 531 1134 regulam
544 1065 637 1120 secuti
651 1065 767 1133 fuerint,
775 1082 834 1135 pax
854 1073 888 1125 16
897 1091 922 1124 Ρ.
931 1093 982 1133 up,
995 1095 1056 1133 usp,

78 1161 172 1214 super
186 1144 258 1212 illos,
272 1147 302 1212 et
315 1144 518 1213 misericordia,
529 1148 559 1200 et
572 1161 660 1215 super
673 1145 762 1200 lsrael
770 1146 833 1201 Dei.
896 1138 978 1223 Ρξῗὲ·

39 1231 70 1277 37
155 1225 200 1278 De
210 1227 305 1280 cetero
314 1225 474 1280 nemomihi
482 1227 621 1281 molestus
631 1226 748 1296 sitzego
757 1227 833 1281 enim
853 1234 995 1295 Nexum.
1051 1242 1054 1252 ’

77 1305 223 1374 stigmata
241 1305 356 1360 Domini
374 1305 439 1360 lesu
462 1306 491 1361 in
515 1323 634 1376 corpore
656 1324 720 1363 meo
740 1311 832 1377 porto,

156 1385 258 1440 Gratia
280 1386 395 1441 Domini
419 1387 510 1442 nostri
535 1389 600 1443 lesu
620 1388 743 1457 Christi,
768 1405 833 1444 cum
853 1395 887 1446 18
895 1415 924 1448 Ph
934 1417 982 1458 cu.

79 1466 188 1536 spiritu
206 1470 313 1535 vestro,
332 1467 446 1522 iratres
482 1469 582 1523 Arnen

336 1699 586 1760 EPISTOLA

82 1839 272 1926 ΒΕΑΤΙ
301 1841 480 1925 PAVLl
506 1840 829 1929 APOSTOLl

271 2003 338 2070 An
369 1991 642 2074 uenustus

49 2176 77 2228 (n
152 2165 300 2221 PAULUS
323 2165 479 2236 Apostolus
497 2167 562 2220 lesu
582 2165 689 2222 Christi
713 2186 765 2239 per
782 2169 865 2239 vo-l
893 2199 1053 2240 R1,7.1K1,2.

80 2245 222 2300 luntatem
231 2245 295 2314 Dei,
309 2246 441 2301 omnibus
450 2246 569 2315 sanctie,
579 2247 629 2316 qui
638 2252 706 2303 sunt
715 2249 830 2319 Ephesi,
894 2243 933 2276 ¹³⁰¹
944 2246 980 2285 ¹’¹·

79 2329 109 2380 et
127 2324 261 2380 fidelibus
280 2326 310 2381 in
327 2325 441 2382 Christo
459 2327 532 2382 Iesu
572 2327 672 2383 Gratia
690 2330 781 2397 vobis
801 2335 866 2390 et2
894 2360 933 2393 1³01
944 2362 979 2402 1,2.

78 2423 137 2475 pax
148 2423 167 2460 a
175 2406 237 2461 Deo
248 2406 334 2462 Patre
344 2411 451 2475 nostro,
462 2411 492 2462 et
501 2407 623 2475 Domino
632 2409 698 2464 Iesu
706 2409 828 2467 Christo.

151 2486 326 2542 Benedictus
345 2487 424 2544 Deus
448 2492 477 2543 et
495 2488 583 2544 Pater
600 2489 715 2545 Domini
738 2494 830 2548 nostri
848 2501 865 2551 3
892 2521 930 2562 m.

78 2567 143 2622 lesu
160 2567 277 2636 Christi,
296 2567 345 2638 qui
363 2568 510 2623 benedixit
528 2585 582 2624 nos
600 2570 630 2625 in
649 2571 726 2626 omni
744 2571 830 2628 bene-

80 2648 206 2704 dictione
235 2647 376 2718 spiritnali
404 2649 433 2704 in
459 2649 632 2707 caelestibus
657 2651 687 2707 in
706 2652 829 2722 Christo,

132 2835 160 2872 12
177 2828 213 2872 hii
231 2829 301 2883 {AF
324 2831 327 2882 l
352 2829 378 2874 in
397 2841 468 2874 cruce
487 2831 540 2874 Chr.
559 2834 586 2874 F
642 2841 668 2877 13
686 2845 716 2878 ne
735 2835 829 2878 en.A¹

79 2899 105 2936 16
120 2913 144 2925 -
160 2891 226 2936 ecco
239 2894 265 2932 n
302 2899 329 2935 17
344 2913 367 2926 -
382 2892 474 2937 domini
488 2893 602 2947 [ΜΗ
640 2903 667 2940 re
680 2899 714 2950 (-
728 2896 827 2951 matres)

132 2959 219 2999 Subur.
232 2953 301 3010 Expl.
316 2954 428 3010 Epistula
443 2956 474 3000 ed
489 2955 593 3001 calecas
606 2957 652 3012 w

87 3077 90 3084 Ι
132 3025 404 3081 manumulierum
429 3029 432 3080 Ι
460 3047 483 3060 -
499 3028 523 3072 b.
538 3027 565 3074 P.
581 3021 661 3083 affl

132 3091 164 3144 t,1
180 3092 203 3139 >
219 3089 310 3133 Christi
323 3090 341 3134 I.
361 3090 428 3143 &DA
454 3091 457 3142 Ι
484 3094 507 3141 >
523 3093 602 3136 sanct.
617 3103 681 3136 omn.
735 3099 787 3145 2>
802 3097 828 3139 et

81 3151 143 3196 dom.
158 3152 243 3196 nostro
258 3151 293 3194 Αἱ
346 3151 480 3206 espiritali

441 3231 483 3276 489
