2275 3434
292 145 492 202 srmnnvn
517 146 692 203 iolnunn.
747 148 908 216 nee-37.

103 309 271 377 poposceris
291 326 309 363 a
327 308 402 375 Dec,
423 308 503 363 cabil
521 308 576 363 tibi
594 308 681 364 Deus.
718 308 795 364 Dicit
812 309 854 363 illi
872 312 906 363 23

103 388 201 443 leem:
219 389 360 459 Resurget
379 389 469 445 frater
487 394 563 444 tune.
596 389 673 444 Dicit
687 391 714 445 ei
728 389 852 444 Martha:
872 392 908 443 24
917 409 968 450 nrm
983 410 1032 450 eo.

104 469 174 523 Scio
196 471 263 539 quia
287 473 420 539 resurget
437 470 467 523 in
485 470 694 525 resurrectione
712 470 741 524 in
760 470 854 525 novis·
917 454 933 486 L
945 455 1003 495 ¹⁴‘¹⁴'

103 549 179 605 simo
203 548 259 604 die.
297 550 378 604 Dixit
405 550 432 605 ei
456 550 552 605 lesus:
580 550 641 619 Ego
669 566 734 605 sum
761 566 854 605 resur·
872 553 907 605 25

104 631 207 697 rectio,
231 634 261 685 et
285 631 361 685 vitu:
387 630 436 701 qui
461 630 552 685 credit
577 631 607 684 in
631 648 690 698 me,
717 632 804 686 etium
828 632 854 684 si

103 714 234 766 mortuus
252 710 350 777 luerit,
369 710 460 765 vivet:
490 715 519 765 et
538 711 640 779 omnis,
659 712 708 781 qui
726 711 806 778 vivit,
824 714 854 765 et
872 714 907 765 26
918 730 969 772 eei,
984 731 1032 771 em.

105 790 197 845 credit
227 792 257 845 in
290 807 350 857 me,
382 806 439 845 uon
471 791 608 847 morietur
639 791 669 845 in
697 795 853 846 eetemum.

105 871 206 927 Credis
233 872 309 926 hoc?
333 871 402 926 'Ait
423 872 477 925 illi:
506 872 612 941 Utique
635 872 772 939 Domine,
801 888 854 941 ego
872 876 965 932 mm

105 950 228 1018 credidi,
255 951 324 1022 quie
348 956 379 1007 tu
405 968 437 1006 es
461 952 593 1007 Christus
617 952 693 1006 filius
711 952 765 1016 Dei
788 953 854 1021 vivi,

105 1032 156 1103 qui
173 1033 202 1087 in
220 1034 297 1087 hunc
315 1030 452 1087 mundum
470 1032 585 1087 venisti.
652 1033 688 1087 lit
703 1050 769 1087 cum
782 1033 855 1087 haec
873 1038 908 1088 28

105 1112 240 1179 dixisset,
269 1112 357 1179 abiit,
385 1115 414 1167 et
441 1113 556 1168 vocavit
581 1113 701 1167 lilerium
728 1129 854 1168 sororem
898 1142 902 1145 ·

106 1210 187 1248 suem
218 1193 350 1260 silentio,
382 1192 497 1250 dicens:
531 1193 668 1263 Magister
696 1192 793 1262 adest,
824 1197 855 1248 et

106 1278 191 1329 vocat
209 1279 248 1329 ie.
276 1274 327 1327 llle
345 1276 378 1329 ut
397 1272 514 1340 audivit,
534 1274 628 1343 surgit
646 1275 712 1341 cito,
731 1278 761 1329 et
776 1275 855 1329 venit
873 1280 908 1331 29

107 1354 144 1408 od
175 1371 257 1409 eum:
303 1353 428 1409 nondum
461 1354 535 1409 enim
567 1358 687 1409 venerat
718 1355 798 1409 lesus
825 1355 854 1409 in
874 1361 947 1411 3020.

107 1435 271 1489 castellum:
296 1433 350 1489 ¹eod
375 1438 437 1488 erat
463 1434 556 1489 adhuc
582 1434 611 1489 in
634 1434 681 1489 illo
703 1436 779 1502 loco,
804 1436 855 1489 ubi
898 1464 902 1469 -

107 1517 271 1569 occurreret
289 1514 315 1568 ei
334 1514 453 1568 Martha„
490 1512 587 1569 ludaei
606 1530 683 1584 ergo,
704 1515 753 1584 qui
771 1519 856 1569 erent
873 1521 906 1572 31

107 1612 170 1651 cum
188 1611 226 1649 ea
244 1594 274 1649 in
291 1594 386 1661 domo,
409 1597 439 1648 et
457 1594 681 1649 consolabantur
698 1610 771 1663 eam,
790 1612 855 1649 omn

107 1675 249 1731 vidissent
266 1674 384 1729 Mariam
403 1674 470 1743 quia
489 1674 546 1729 cito
566 1675 702 1738 surrexit,
728 1680 758 1731 et
772 1676 855 1742 exiit,
899 1702 902 1709 ·

107 1756 198 1811 secuti
231 1758 301 1810 sunt
332 1770 396 1809 eam
428 1754 574 1809 dicentes:
608 1754 682 1824 Quia
708 1756 789 1811 vadit
818 1756 856 1811 ed

107 1838 332 1902 monumentum,
350 1838 384 1889 ui
402 1835 495 1903 ploret
513 1834 561 1890 ibi.
590 1834 680 1890 Mario
694 1852 772 1906 ergo,
791 1854 855 1891 cum
874 1843 909 1893 32
919 1853 950 1887 21·

107 1916 236 1973 venisset
257 1916 308 1971 ubi
328 1918 390 1969 eret
408 1916 503 1983 lesem,
528 1914 630 1970 videns
649 1932 728 1984 eum,
749 1918 856 1972 cecidit
898 1942 903 1950 ·

107 1996 253 2067 alipedes
272 1995 343 2063 ciue,
362 1999 391 2050 et
411 1995 480 2051 dicit
499 1996 537 2051 ei:
557 1996 687 2063 Domine,
706 1998 730 2050 si
749 1996 855 2051 fuisses
898 2022 903 2029 ¹

107 2077 166 2145 hic,
190 2094 250 2131 non
276 2079 354 2131 esset
379 2079 508 2131 mortuus
535 2077 626 2131 frater
648 2092 738 2131 meus.
776 2077 856 2131 lenus
874 2083 978 2135 agiam.

107 2175 190 2228 ergo,
219 2160 252 2211 ut
280 2156 352 2212 vidit
379 2172 442 2211 eem
469 2159 646 2226 plorantem,
673 2160 703 2211 et
727 2156 856 2223 ludaeos,

107 2238 155 2309 qui
182 2242 324 2292 venerant
351 2253 415 2291 cum
442 2254 492 2304 ee,
519 2238 682 2307 plorantes,
710 2236 857 2290 infremuit
899 2263 903 2268 ·

107 2318 224 2389 spiritu,
250 2321 280 2372 et
304 2316 432 2372 turbavit
454 2318 597 2386 seipsum,
613 2318 619 2356 ¹
635 2321 664 2373 et
689 2316 774 2371 dixit:
800 2316 856 2373 Ubi
875 2324 911 2373 34

108 2397 247 2467 posuistis
265 2398 352 2452 eum?
389 2397 495 2453 Dicunt
515 2398 555 2452 ei:
577 2397 711 2464 Domine,
730 2398 808 2465 veni,
827 2401 857 2452 et

107 2478 179 2533 vide.
232 2477 269 2533 Et
298 2478 472 2547 lacrimatus
505 2483 550 2533 est
578 2478 667 2532 leone.
717 2477 858 2533 Dixerunt
876 2451 1005 2509 35³¹*st

108 2574 173 2629 ergo
204 2556 317 2613 ludaei:
352 2557 426 2612 Ecce
457 2558 601 2629 quomodo
633 2558 751 2613 emebat
783 2574 857 2613 eum.

108 2637 231 2709 Quidem
252 2640 346 2692 eutem
362 2654 398 2693 ex
413 2638 484 2707 ipsis
499 2638 646 2693 dixerunt:
665 2638 729 2693 Non
742 2642 858 2707 poterat
876 2644 920 2694 37-

109 2718 166 2787 hic,
191 2718 241 2788 qui
265 2718 377 2787 aperuit
400 2719 497 2774 oculos
515 2720 594 2773 caeci
613 2719 686 2786 nati,
710 2718 806 2774 secere
825 2723 857 2773 ut

161 2940 187 2979 27
203 2954 226 2967 -
241 2932 293 2978 vivi
318 2934 322 2987 Ι
349 2932 451 2977 -hunc

161 3004 188 3041 2⁹
202 2996 224 3051 β
238 2995 343 3041 surrexit
422 3002 448 3039 ει
463 3006 521 3049 ergo
536 2999 544 3045 ]
559 2994 637 3048 igitur

161 3065 188 3103 32
202 3058 265 3104 (lixit
344 3058 481 3103 &fremuit

162 3120 410 3177 er>dix.exipsls
436 3122 439 3175 Ι
466 3122 558 3165 -nau
584 3122 588 3174 Ι
611 3123 679 3165 utet

473 3201 514 3246 uel
