2275 3434
240 138 428 209 18,37-19,6.
464 142 664 199 SECVNDVM
682 139 856 198 IOANNEM.

298 300 476 359 decertarent
506 308 539 359 ut
566 322 622 360 non
650 304 779 360 traderer
805 302 937 359 Iudaeis:
969 316 1046 355 nunc

139 391 233 433 wau·
243 383 277 435 87
297 386 394 439 autern
421 401 542 454 regnum
568 401 663 440 meum
690 402 748 440 non
776 388 820 439 ast
848 383 922 438 hinc.
965 380 1076 460 Dixit&

110 437 161 477 ⁸’⁴⁷³
175 436 233 479 Μ’
297 464 395 533 itaque
414 464 440 519 ei
454 465 579 520 Pilatus:
598 466 673 535 Ergo
689 482 739 520 rex
756 481 787 519 es
801 465 853 519 tu?
885 461 1046 533 Respondit

296 543 390 599 Iesus:
417 545 460 600 Tu
485 545 555 601 dicis
575 546 643 616 quia
661 562 712 601 rex
731 562 794 599 sum
813 560 875 614 ego.
913 542 998 613 *Ego
1017 542 1044 596 in
1055 542 1078 623 ’,ζ

241 636 244 643 ’
296 622 350 680 hcc
375 628 461 679 natus
486 642 564 693 sum,
591 630 620 681 et
640 626 676 681 ad
695 626 750 680 hoc
767 625 832 679 veni
850 624 880 678 in
899 623 1045 687 mundum,

296 707 329 757 ut
360 704 556 761 testimonium
588 708 754 776 perhibeam
781 705 910 760 veritati:
945 704 1045 769 amnia,

243 784 278 835 38
297 784 346 853 qui
365 789 410 841 est
429 802 464 841 ex
478 786 609 855 veritate,
629 787 709 843 audit
723 803 823 843 vocem
837 802 940 841 meam.
970 784 1046 839 Dicit

241 874 243 881 ’
297 864 322 919 ei
341 864 466 921 Pilatus:
493 867 567 937 Quid
587 872 633 922 est
650 868 779 923 veritas?
851 866 889 921 Et
907 882 975 921 cum
992 866 1047 921 hoc

297 943 432 1014 dixisset,
458 948 559 1003 iterum
579 949 668 1003 exivit
687 948 723 1003 ad
742 947 879 1014 ludaeos,
904 946 959 1002 *et
978 940 1080 1024 dicit¹{²

141 1029 155 1057 -“
243 1025 277 1076 89
297 1026 353 1080 eis:
378 1026 439 1097 Ego
464 1028 571 1083 nullam
594 1029 707 1084 invenio
727 1029 756 1084 in
775 1046 809 1083 ec
828 1044 956 1083 causam.
993 1027 1045 1081 Est
1056 1043 1079 1123 12²

298 1109 393 1161 autern
420 1108 597 1165 consuetudo
623 1110 706 1165 vobis
732 1114 764 1165 ut
788 1127 876 1165 unum
901 1108 1045 1165 dimittam

297 1186 378 1241 vobis
402 1187 430 1241 in
450 1188 577 1244 Pascha:
603 1192 690 1245 vultis
714 1207 781 1261 ergo
800 1190 944 1245 dimittam
964 1190 1045 1245 vobis

242 1267 279 1318 40
297 1282 392 1335 regern
407 1266 596 1325 ludaeorum?
625 1270 829 1326 clamaverunt
846 1287 914 1340 ergo
931 1286 1044 1325 rursum
1055 1278 1079 1358 ‘f‘

297 1361 411 1415 ornnes,
437 1348 581 1406 dicentes:
608 1351 671 1407 Non
690 1352 778 1420 hunc,
801 1351 853 1407 sed
871 1352 1044 1407 Barabbam.

297 1425 366 1483 Erat
384 1433 480 1484 autem
499 1430 649 1487 Barabbas
667 1434 748 1488 latro.

242 1499 279 1570 19
368 1507 447 1564 Tunc
466 1526 533 1579 ergo
553 1513 743 1581 apprehendit
762 1514 871 1569 Pilatus
890 1514 994 1582 lesum,
1016 1518 1079 1601 et¹f¹

261 1587 458 1657 2ssagellavit.
495 1591 531 1646 Et
552 1592 658 1648 milites
676 1594 836 1663 plectentes
855 1611 989 1650 eoronam
1009 1594 1046 1649 de

262 1718 264 1723 .
297 1669 397 1737 spinis
416 1670 613 1740 imposuerunt
632 1675 722 1744 capiti
739 1675 816 1729 eius:
836 1679 866 1730 et
881 1680 964 1731 veste
979 1692 1046 1745 pur-

174 1760 233 1803 rau.
261 1753 278 1803 3
296 1764 386 1817 purea
404 1751 652 1809 circumdederunt
671 1772 744 1811 eurn.
778 1756 816 1811 Et
833 1756 989 1840 veniebant
1009 1757 1046 1811 ad

297 1844 377 1897 eum,
405 1834 434 1885 et
462 1831 611 1890 dicebant:
639 1836 700 1891 Ave
727 1852 778 1891 rex
802 1837 987 1893 ludaeorum:
1017 1841 1046 1892 et

260 1909 406 1965 edebant
431 1912 456 1967 ei
477 1914 590 1985 alapas.
663 1917 759 1972 Exivit
785 1934 852 1987 ergo
876 1918 981 1974 itemrn
999 1920 1079 2005 Pi-p.

296 1990 371 2046 latus
395 1992 488 2061 toras,
515 1998 544 2051 et
567 1996 637 2052 dicit
655 1998 711 2052 eis:
738 1998 811 2054 Ecce
831 1998 943 2055 adduco
962 2001 1045 2056 vobis

296 2086 360 2125 eum
384 2073 477 2143 foras,
504 2080 536 2130 ut
555 2072 737 2146 cognoscatis
756 2080 824 2149 quia
840 2082 949 2135 nullam
967 2083 1078 2137 inve--

260 2156 276 2206 5
295 2152 342 2206 nio
359 2152 389 2207 in
408 2170 442 2209 eo
462 2172 587 2212 causam.
617 2158 723 2225 (Exivit
742 2177 810 2229 ergo
824 2162 904 2216 lesus
922 2167 1045 2231 portans
1055 2168 1079 2249 ἒξ

296 2250 430 2289 coronam
456 2236 602 2306 spineam,
632 2242 662 2293 et
688 2257 862 2310 purpureum
889 2243 1046 2299 vestimen·

260 2317 383 2381 6tum'2)
408 2315 446 2369 Et
471 2315 541 2372 dicit
566 2318 622 2373 eis:
648 2319 723 2375 Ecce
748 2321 840 2377 homo.
861 2322 956 2378 ¹Curn
976 2341 1045 2395 ergo
1055 2331 1080 2411 ¹.ss
1123 2337 1125 2362 ¹

295 2393 435 2449 vidissent
454 2412 518 2451 eum
538 2398 707 2469 Pontifices
731 2405 761 2457 et
778 2403 915 2472 ministri,
939 2406 1045 2461 clania-
1123 2439 1125 2484 l

294 2474 374 2541 bant,
394 2474 535 2532 dicentes:
556 2478 705 2551 crucifige,
722 2484 855 2553 crucifige
868 2501 943 2540 eum.
972 2487 1080 2571 *Di-¹2⁴
1123 2495 1125 2548 ξ

241 2568 244 2573 ·
295 2554 335 2608 eit
354 2555 395 2610 eis
414 2556 539 2613 Pilatus:
562 2560 692 2629 Accipite
711 2578 775 2617 eum
794 2581 861 2631 vos,
886 2570 914 2620 et
935 2568 1045 2623 crucifi·

295 2636 368 2703 gite:
397 2636 474 2707 *ego
501 2637 575 2693 enirn
600 2658 657 2696 non
681 2642 795 2700 invenio
814 2646 843 2699 in
862 2641 896 2701 eo
915 2655 1079 2732 causam}¹¹
1123 2661 1125 2708 ξ

347 2814 373 2849 ar
388 2812 411 2858 >
427 2820 505 2853 ineam
519 2822 604 2856 vocem

347 2874 374 2912 40
387 2869 445 2925 w
460 2884 557 2927 -argo
583 2877 586 2929 Ι
612 2876 740 2922 barabban

349 2932 399 2985 iza
411 2932 474 2977 have
1123 2971 1125 2996 ;

347 2994 431 3038 eaxiit
443 3028 448 3052 ,
459 3003 499 3040 ua
516 3000 520 3052 Ι
540 3019 563 3031 -
574 3011 633 3053 ergo
652 3004 655 3055 l
675 3006 697 3053 >
713 3002 737 3046 in
753 3015 786 3061 aan
796 3005 845 3050 nul.
860 3005 1044 3058 caaa‘lnvanio
1123 3005 1125 3066 ξ

348 3060 397 3106 a>
414 3058 477 3112 apin.
493 3070 575 3105 coron.
805 3078 808 3082 ·
934 3086 938 3090 ’

347 3126 360 3161 a
376 3139 399 3151 -
414 3130 468 3165 eum

638 3205 679 3252 288
