2275 3434
317 160 368 214 AD
392 159 665 216 PHILIPPENSES.
783 161 908 227 l,1-13.

97 340 163 392 qua
208 322 295 376 etiam
340 321 433 389 possit
474 321 615 375 subiicere
656 320 713 376 sibi
749 321 854 376 omnia.

98 404 205 472 Itaque
225 402 330 456 fratres
348 401 403 454 mei
423 400 598 468 charissimi,
622 404 652 455 et
671 391 896 464 desideratis-‘4
918 424 956 456 ou
970 425 1016 463 cn.

98 483 179 549 simi,
193 481 329 550 gaudium
342 497 446 549 meum,
461 485 491 535 et
505 497 611 536 corona
624 498 703 535 mea:
721 481 763 535 sic
777 484 854 536 state
919 471 927 500 ¹
939 468 966 500 Τι’
979 469 1056 508 ΒΜ·

99 564 131 616 in
152 562 291 628 Domino,
318 560 492 616 charissimi:
562 560 702 616 Evodiam
720 577 805 631 rogo,
824 564 854 614 et
873 566 890 615 2

100 642 270 712 Syntychen
281 641 418 710 deprecor
431 640 557 711 idipsum
572 658 673 710 sapere
684 641 713 695 in
723 641 853 695 Domino.

99 723 200 777 Etiam
223 739 295 792 rogo
320 726 349 777 et
373 725 402 776 te
425 739 560 790 germane
589 739 720 791 compar,
750 721 891 777 adiuva3
919 741 965 786 aar.
984 743 1077 786 naua.

101 804 182 870 illas,
207 819 280 872 quae
298 819 410 858 mecum
429 802 632 857 laboraverunt
651 802 680 856 in
698 801 854 871 Evangelio
918 791 933 822 L
946 791 1003 831 ²⁰’²⁰'

100 901 170 938 curn
195 882 356 949 Clemente,
384 886 414 937 et
441 883 546 937 ceteris
571 881 749 937 adiutoribus
772 881 854 948 meiS,

61 974 92 1017 13
101 980 226 1033 quorum
244 962 360 1018 nomina
374 961 485 1017 suntin
498 962 571 1016 libro
588 963 672 1018 vitae.
724 962 854 1016 Gaudete
873 968 891 1018 4
917 987 954 1028 ar.
968 987 1007 1018 ει(
1021 987 1077 1026 ran.

101 1045 132 1098 in
147 1042 270 1097 Domino
289 1059 416 1112 semper:
436 1043 540 1097 iterum
554 1043 618 1097 dico
632 1043 765 1112 gaudete.
797 1043 854 1097 Mo·
874 1047 891 1099 5
918 1067 936 1098 ιι
949 1068 1006 1106 aar.

103 1124 200 1179 destia
227 1126 325 1178 vestra
351 1126 422 1178 nota
448 1123 487 1177 sit
515 1123 647 1178 omnibus
676 1123 853 1177 hominibus:
917 1111 1009 1152 ΜΗ·

103 1203 246 1260 Dominus
264 1220 353 1274 prope
373 1207 426 1258 est.
464 1204 539 1258 Nihil
565 1203 669 1258 soliciti
694 1204 773 1258 sitis:
803 1201 890 1261 sedo
919 1201 1044 1241 ΜΗ·

918 1244 957 1278 Kol
971 1246 1006 1285 4,2.

103 1287 132 1340 in
153 1285 231 1340 omni
250 1285 395 1352 oratione,
421 1287 451 1340 et
470 1283 682 1352 obsecratione,
708 1301 773 1338 cum
791 1301 855 1352 gra·
918 1289 1023 1374 ffijtgfiffl

103 1368 210 1422 tiamm
229 1365 342 1420 actione
360 1365 516 1434 petitiones
536 1369 651 1420 vestrae
674 1363 855 1420 innotescant
918 1377 1002 1418 Maa-

104 1447 184 1517 apud
198 1446 299 1501 Deum.
332 1445 369 1500 Et
387 1463 445 1516 pax
464 1445 526 1514 Dei,
545 1463 620 1516 quae
639 1448 778 1515 exuperat
797 1461 855 1500 om·
874 1453 891 1502 7
918 1423 957 1456 ¹¹⁰¹
969 1425 1016 1464 Μ’

102 1544 172 1583 nem
190 1544 316 1593 sensum,
335 1526 480 1583 custodiat
499 1526 707 1593 cordavestra,
726 1529 755 1580 et
773 1526 856 1580 intel-

68 1608 240 1678 llligentias
259 1607 420 1662 vestraein
440 1607 555 1662 Christo
574 1608 647 1662 Iesu.
697 1607 741 1661 De
760 1610 854 1661 cetero
874 1613 891 1663 8
919 1628 935 1660 a
949 1631 1005 1670 mn.

105 1690 226 1755 fratres,
246 1703 442 1757 quaecumque
461 1692 530 1742 sunt
547 1705 632 1755 vera,
658 1703 855 1757 quaecumque
913 1702 916 1734 ι

104 1769 220 1840 pudica,
230 1784 427 1838 quaecumque
436 1768 522 1836 iusta,
537 1784 734 1837 quaecumque
745 1771 855 1835 sancta,

106 1865 304 1920 quaecumque
323 1848 465 1920 amabilia,
485 1864 682 1918 quaecumque
700 1847 794 1902 bonae
813 1849 855 1901 fa·

106 1947 179 1998 mae,
200 1930 284 1999 siqua
297 1930 399 1994 virtus,
417 1927 502 1998 siqua
515 1929 578 1982 laus
595 1927 770 1997 disciplinae,
784 1928 856 1981 haec

111 2012 242 2082 cogitate.
279 2010 360 2080 Quae
378 2013 408 2065 et
427 2008 577 2075 didicistis,
597 2012 626 2062 et
645 2008 806 2078 accepistis
827 2012 855 2062 et
875 2018 891 2066 9
920 2030 968 2061 rm
980 2031 1027 2069 ⁵:2³.

111 2089 240 2157 audistis,
255 2095 285 2146 et
296 2088 411 2146 vidistis
425 2090 454 2144 in
468 2105 522 2157 me,
536 2090 608 2144 haec
623 2088 714 2158 agite:
734 2093 763 2143 et
777 2089 855 2144 Deus
920 2074 1029 2160 ffllfilp,

107 2172 188 2241 pacis
208 2170 263 2226 erit
280 2172 437 2226 vobiscum.

73 2256 100 2301 15
180 2251 305 2306 Gavisus
315 2269 379 2305 sum
390 2255 486 2306 autern
495 2249 524 2304 in
532 2250 655 2304 Domino
666 2249 856 2315 vehementer,
878 2256 911 2306 10

106 2324 244 2394 quoniam
262 2323 381 2378 tandem
395 2321 547 2392 aliquando
562 2320 731 2376 refloruistis
744 2337 796 2391 pro
811 2336 856 2374 me

106 2394 231 2462 sentire,
250 2394 327 2449 sicut
345 2398 374 2449 et
393 2394 579 2449 sentiebatis:
604 2392 737 2463 occupati
761 2395 857 2446 autern

107 2467 205 2522 eratis·
250 2466 312 2520 Non
337 2466 421 2535 quasi
450 2470 567 2535 propter
599 2464 747 2534 penuriam
779 2461 856 2516 dico:
878 2469 1005 2526 Πρω.

107 2554 161 2608 ego
186 2537 261 2592 enirn
285 2537 385 2603 didici,
412 2537 441 2592 in
469 2537 574 2606 quibus
602 2553 681 2603 sum,
711 2534 857 2589 sufficiens
897 2595 898 2603 ἵ

107 2626 181 2664 esse.
220 2609 286 2663 Scio
314 2613 343 2664 et
369 2609 525 2676 humiliari,
551 2608 611 2663 scio
640 2612 668 2663 et
696 2606 856 2662 abundare:
878 2613 1020 2668 lberam.

108 2681 228 2751 (ubique
256 2686 285 2734 et
312 2680 341 2734 in
372 2681 504 2735 omnibus
537 2680 688 2734 institutus
720 2681 795 2745 sum)
829 2681 857 2731 et

108 2752 226 2819 satian',
245 2756 275 2806 et
294 2751 414 2818 esurire,
434 2755 463 2806 et
482 2749 642 2816 abundare,
662 2755 691 2804 et
709 2750 857 2819 penuriam

109 2825 185 2894 pati:
206 2824 301 2878 omnia
319 2839 437 2892 possum
456 2823 484 2907 in
504 2839 554 2889 eo,
574 2823 622 2892 qui
641 2839 686 2876 me
706 2821 857 2876 confortat.
879 2826 962 2919 1334<
970 2844 1031 2918 iilw'
1117 2863 1118 2892 3

921 2907 931 2919 ,
982 2909 987 2928 ,
1011 2907 1016 2920 .

162 2985 187 3021 21
205 2982 227 3039 ἦ
239 2976 319 3030 possit
332 2976 407 3018 etiam
461 2975 500 3027 ⁴‚1
515 2974 666 3017 desiderant·
679 2975 682 3028 Ι
695 2995 720 3036 -Ι
730 2985 807 3038 meum
821 2974 857 3027 [ᾗ]

109 3031 270 3094 2Eubod1arn
284 3029 335 3082 Μ
348 3028 442 3091 Euuou-
458 3030 483 3068 F
501 3028 505 3077 Ι
524 3027 644 3080 syntycan
661 3030 681 3090 ga
696 3027 821 3072 Sinthroen
836 3031 861 3068 F

110 3085 312 3192 ruralia
327 3082 859 3190 raaran{maritumum

474 3214 515 3258 507
