2275 3434
250 173 391 237 let-38.
487 166 686 224 SECVNDVM
714 163 844 218 LVCAll.

249 337 284 387 ‘24
304 331 418 387 donmm
447 348 544 386 suam:
601 331 667 396 post
694 327 746 380 lios
775 328 870 378 autem
899 321 963 376 dies
991 339 1070 375 con-

304 414 382 483 cepit
404 410 551 466 Elisabeth
578 425 649 462 uxor
674 408 749 472 eius,
775 409 804 458 et
831 403 1001 458 occultabat
1035 423 1069 456 se

137 500 284 556 ‹senaab›
303 495 450 548 iriensibus
483 491 623 559 (rumque,
657 488 771 542 dicens:
810 485 882 554 Quia
913 483 957 536 sio
988 483 1067 537 feeit

305 576 371 629 inibi
406 572 544 626 Dominus
578 571 606 624 in
639 568 756 632 diebus,
789 566 893 636 quibus
927 568 1068 633 respexit

305 655 417 709 aulerre
437 650 620 721 opprobrium
641 666 734 703 meum
755 648 828 702 inter
847 645 990 698 homines,

250 742 285 791 26
375 736 405 788 ln
425 749 523 786 mense
542 735 637 785 autem
658 733 753 794 sextu,
772 728 877 782 missus
897 729 942 779 est
963 727 1070 794 Ange-

304 818 348 870 lus
368 813 483 867 Gabriel
503 830 520 865 a
538 812 599 866 Deo
620 811 648 864 in
667 811 813 864 civitatem
834 806 994 874 Galilaeae,
1016 810 1069 862 cui

82 904 283 962 gentianam
304 911 408 950 nomen
431 893 588 958 Nazareth,
627 891 663 944 ad
684 890 825 954 Virginem
849 887 1068 954 desponsatam

305 976 373 1041 vim,
395 973 441 1027 cui
459 989 562 1027 nomen
583 974 645 1026 erat
664 971 774 1039 losepli,
793 969 828 1023 de
847 967 931 1021 domo
951 966 1070 1024 David.

143 1079 181 1112 aa
193 1065 286 1119 ⁶:212ss
306 1061 334 1110 et
354 1071 457 1108 nomen
476 1053 596 1120 virginis
615 1051 711 1106 illaria.
744 1049 780 1103 Et
801 1050 947 1118 ingressus
962 1049 1070 1114 Ange-

305 1138 349 1190 lus
369 1134 406 1188 ad
425 1151 488 1189 earn
507 1134 591 1188 dixit:
611 1133 671 1187 Ave
687 1131 780 1201 gratia
797 1131 892 1199 plena:
914 1127 1069 1184 Dominus

251 1226 286 1276 29
305 1220 412 1270 tecum:
428 1215 584 1268 Benedicta
599 1217 630 1267 tu
645 1213 672 1266 in
687 1211 860 1265 mulieribus.
894 1208 977 1276 Quae
995 1226 1068 1262 oiim

306 1296 449 1359 audisset,
482 1294 599 1348 turbata
628 1296 673 1346 est
701 1292 730 1345 in
759 1305 888 1344 sermone
917 1289 999 1356 eius,
1037 1297 1066 1343 et

252 1385 287 1434 30
306 1376 452 1444 cogitabat
479 1375 571 1444 qualis
597 1376 675 1428 esset
702 1373 758 1426 ista
777 1369 920 1425 salutatio.
958 1368 999 1423 Et
1020 1373 1065 1423 aii

305 1457 431 1525 Angelus
451 1455 490 1510 ei:
514 1455 556 1509 Ne
577 1455 680 1508 timeas
699 1452 800 1518 lllaria,
825 1449 960 1504 invenisti
981 1451 1066 1504 enirn

144 1562 182 1594 aa
195 1561 241 1601 aa.
253 1545 285 1595 31
306 1537 427 1605 gratiam
447 1535 523 1605 apud
539 1536 643 1589 Deum:
678 1549 742 1588 ecce
762 1530 905 1599 concipies
920 1529 948 1582 in
964 1533 1067 1586 utero.

116 1607 243 1692 ,1,1{{,⁷.'{31
307 1621 336 1671 et
354 1617 449 1685 paries
468 1616 564 1681 filium,
585 1619 614 1669 et
634 1614 748 1668 vocabis
765 1610 944 1667 nomenoius
959 1609 1066 1666 lusum.

173 1723 193 1754 1·
207 1705 287 1762 a,r.32
306 1698 353 1750 hic
372 1697 425 1750 erit
444 1712 575 1764 magnus,
595 1699 624 1748 et
638 1694 724 1748 Filius
739 1692 876 1748 Altissimi
896 1689 1067 1746 vocabitur.

84 1767 243 1810 2⁵¹¹'⁷’¹⁹‘¹³'¹⁰'
308 1780 337 1831 et
351 1777 432 1831 dabit
446 1777 484 1830 illi
500 1775 638 1829 Dominus
652 1774 730 1828 Deus
746 1773 843 1827 sedem
856 1769 950 1826 David
964 1773 1067 1840 patris

150 1847 243 1931 ῗξξᾛῖζ
254 1867 288 1915 33
308 1859 380 1912 eius:
397 1861 426 1911 et
440 1856 572 1924 regnabit
587 1855 616 1908 in
627 1854 709 1909 domo
720 1854 804 1908 Iacob
820 1853 848 1906 in
859 1855 1022 1918 aeternum,
1034 1860 1066 1906 et

182 1947 289 2004 satae
308 1939 386 2007 regni
409 1938 470 1991 eius
490 1953 547 1989 non
569 1935 623 1990 erit
644 1935 716 1988 linis.
751 1934 830 1988 Dixit
852 1937 949 1986 autem
967 1931 1063 1986 Maria

308 2018 345 2073 ad
371 2018 525 2087 Angelum:
554 2015 701 2084 Quomodo
727 2015 776 2068 liet
802 2013 894 2078 istud,
921 2013 1063 2080 quoniam

145 2125 173 2156 xx
187 2107 289 2164 13,1a35
308 2100 400 2153 virum
418 2115 475 2151 non
495 2098 655 2166 cognosco?
688 2096 724 2149 Et
739 2093 915 2164 respondens
930 2093 1063 2162 Angelus

128 2169 245 2253 Μ-Ἢὲζξὲζ
309 2180 380 2233 dixit
397 2179 435 2232 ei:
456 2177 579 2246 Spiritus
595 2180 712 2231 sanctus
729 2175 912 2244 superveniet
927 2173 955 2226 in
970 2177 1010 2240 te,
1034 2179 1063 2227 et

148 2258 245 2297 ΗΜ·
309 2261 399 2313 virtus
418 2258 555 2312 Altissimi
581 2257 763 2311 obumbrabit
786 2255 848 2310 tibi.
885 2253 1010 2322 Ideoque
1034 2261 1063 2308 et

309 2339 385 2409 quod
400 2342 534 2393 nascetur
548 2356 583 2392 ex
598 2342 627 2392 te
643 2336 789 2403 Sanctum,
806 2334 955 2389 vocabitur
969 2333 1063 2388 Filius

256 2429 290 2477 36
311 2421 370 2474 Dei.
407 2419 444 2474 Et
463 2435 528 2473 ecce
547 2417 695 2472 Elisabeth
715 2418 838 2484 cognata
856 2419 919 2480 tua,
946 2418 975 2467 et
994 2415 1060 2482 ipsa

310 2501 440 2568 concepit
455 2500 542 2554 filium
557 2499 587 2551 in
602 2501 750 2551 senectute
766 2514 831 2550 sua:
848 2498 877 2550 et
891 2495 937 2549 hic
951 2496 1062 2549 mensis

144 2595 175 2628 ‘³¹1
188 2589 289 2638 mna-37
310 2586 409 2635 sextus
435 2585 480 2635 est
506 2579 573 2644 illi,
590 2594 663 2646 qliae
688 2581 807 2632 vocatur
832 2575 952 2630 sterilis:
991 2577 1062 2644 quia

309 2680 365 2716 non
381 2662 434 2715 erit
449 2658 627 2728 impossibile
642 2656 718 2726 apud
728 2658 820 2712 Deum
835 2671 918 2711 omne
931 2655 1061 2710 verbum.

257 2748 292 2797 38
311 2743 389 2796 Dixit
409 2744 506 2794 autem
525 2738 626 2791 illaria:
646 2738 721 2791 Ecce
741 2738 843 2791 ancilla
861 2735 988 2802 Domini,
1007 2737 1059 2790 liat

364 2963 390 2999 25
406 2960 428 3004 >
444 2955 503 2998 mihi
516 2955 575 2998 lecit
630 2961 656 2996 26
670 2960 697 3006 cf.
713 2960 737 2996 19
792 2959 818 2994 23
831 2952 893 2995 hane

364 3026 390 3061 29
404 3017 507 3061 vidisset

364 3082 514 3123 m-moe

364 3150 390 3184 eo
405 3143 504 3185 senecta
529 3144 533 3194 1
561 3145 583 3190 >
601 3141 639 3183 est
657 3141 739 3182 sextus

659 3217 698 3260 m
