<?xml version="1.0" encoding="UTF-8"?>
<!DOCTYPE html PUBLIC "-//W3C//DTD XHTML 1.0 Transitional//EN"
    "http://www.w3.org/TR/xhtml1/DTD/xhtml1-transitional.dtd">
<html xmlns="http://www.w3.org/1999/xhtml" xml:lang="en" lang="en">
 <head>
  <title>
</title>
<meta http-equiv="Content-Type" content="text/html;charset=utf-8" />
  <meta name='ocr-system' content='tesseract 3.04.00' />
  <meta name='ocr-capabilities' content='ocr_page ocr_carea ocr_par ocr_line ocrx_word'/>
</head>
<body>
  <div class='ocr_page' id='page_1' title='image "./novumtestamentu01nestgoog_0376.png"; bbox 0 0 2275 3434; ppageno 0'>
   <div class='ocr_carea' id='block_1_1' title="bbox 224 140 863 212">
    <p class='ocr_par' dir='ltr' id='par_1_1' title="bbox 224 140 863 212">
     <span class='ocr_line' id='line_1_1' title="bbox 224 140 863 212; baseline -0.008 -9"><span class='ocrx_word' id='word_1_1' title='bbox 224 144 409 212; x_wconf 70' lang='lat' dir='ltr'><strong>laco-lta.</strong></span> <span class='ocrx_word' id='word_1_2' title='bbox 442 142 562 199; x_wconf 85' lang='lat' dir='ltr'>ACTVS</span> <span class='ocrx_word' id='word_1_3' title='bbox 582 140 863 199; x_wconf 81' lang='lat' dir='ltr'>APOSTOLORVM.</span> 
     </span>
    </p>
   </div>
   <div class='ocr_carea' id='block_1_2' title="bbox 98 304 1135 2062">
    <p class='ocr_par' dir='ltr' id='par_1_2' title="bbox 222 304 1026 535">
     <span class='ocr_line' id='line_1_2' title="bbox 222 304 1026 372; baseline 0.002 -15"><span class='ocrx_word' id='word_1_4' title='bbox 222 306 258 357; x_wconf 90' lang='grc'><strong>40</strong></span> <span class='ocrx_word' id='word_1_5' title='bbox 276 304 421 359; x_wconf 88' lang='lat' dir='ltr'><strong>Exeuntes</strong></span> <span class='ocrx_word' id='word_1_6' title='bbox 450 306 546 359; x_wconf 91' lang='lat' dir='ltr'><strong>autem</strong></span> <span class='ocrx_word' id='word_1_7' title='bbox 575 304 610 359; x_wconf 88' lang='lat' dir='ltr'><strong>de</strong></span> <span class='ocrx_word' id='word_1_8' title='bbox 635 322 765 372; x_wconf 89' lang='lat' dir='ltr'><strong>carcere,</strong></span> <span class='ocrx_word' id='word_1_9' title='bbox 793 304 965 360; x_wconf 87' lang='lat' dir='ltr'><strong>introierunt</strong></span> <span class='ocrx_word' id='word_1_10' title='bbox 990 304 1026 359; x_wconf 93' lang='lat' dir='ltr'><strong>ad</strong></span> 
     </span>
     <span class='ocr_line' id='line_1_3' title="bbox 276 384 1026 455; baseline -0.001 -16"><span class='ocrx_word' id='word_1_11' title='bbox 276 384 410 455; x_wconf 84' lang='lat' dir='ltr'><strong>Lydiam:</strong></span> <span class='ocrx_word' id='word_1_12' title='bbox 430 389 459 439; x_wconf 91' lang='lat' dir='ltr'><strong>et</strong></span> <span class='ocrx_word' id='word_1_13' title='bbox 475 385 545 439; x_wconf 84' lang='lat' dir='ltr'><strong>visis</strong></span> <span class='ocrx_word' id='word_1_14' title='bbox 566 385 704 440; x_wconf 85' lang='lat' dir='ltr'><strong>fratribus</strong></span> <span class='ocrx_word' id='word_1_15' title='bbox 723 385 862 441; x_wconf 88' lang='lat' dir='ltr'><strong>consolati</strong></span> <span class='ocrx_word' id='word_1_16' title='bbox 882 389 951 439; x_wconf 88' lang='lat' dir='ltr'><strong>sunt</strong></span> <span class='ocrx_word' id='word_1_17' title='bbox 968 402 1026 452; x_wconf 77' lang='lat' dir='ltr'><strong>eoa,</strong></span> 
     </span>
     <span class='ocr_line' id='line_1_4' title="bbox 276 465 541 535; baseline 0 -16"><span class='ocrx_word' id='word_1_18' title='bbox 276 471 306 521; x_wconf 86' lang='lat' dir='ltr'><strong>et</strong></span> <span class='ocrx_word' id='word_1_19' title='bbox 324 465 447 535; x_wconf 87' lang='lat' dir='ltr'><strong>profecti</strong></span> <span class='ocrx_word' id='word_1_20' title='bbox 466 470 541 519; x_wconf 90' lang='lat' dir='ltr'><strong>sunt.</strong></span> 
     </span>
    </p>

    <p class='ocr_par' dir='ltr' id='par_1_3' title="bbox 116 538 1027 695">
     <span class='ocr_line' id='line_1_5' title="bbox 116 538 1027 616; baseline 0.004 -19"><span class='ocrx_word' id='word_1_21' title='bbox 116 565 165 598; x_wconf 74' lang='lat' dir='ltr'><strong>rm</strong></span> <span class='ocrx_word' id='word_1_22' title='bbox 176 566 212 607; x_wconf 73' lang='lat' dir='ltr'><strong>ar.</strong></span> <span class='ocrx_word' id='word_1_23' title='bbox 222 538 259 610; x_wconf 72' lang='grc'><strong>17</strong></span> <span class='ocrx_word' id='word_1_24' title='bbox 348 545 420 600; x_wconf 83' lang='lat' dir='ltr'><strong>Cum</strong></span> <span class='ocrx_word' id='word_1_25' title='bbox 442 550 538 600; x_wconf 88' lang='lat' dir='ltr'><strong>autern</strong></span> <span class='ocrx_word' id='word_1_26' title='bbox 556 546 807 615; x_wconf 78' lang='lat' dir='ltr'><strong>perambulassent</strong></span> <span class='ocrx_word' id='word_1_27' title='bbox 825 546 1027 616; x_wconf 83' lang='lat' dir='ltr'><strong>Amphipolim,</strong></span> 
     </span>
     <span class='ocr_line' id='line_1_6' title="bbox 277 626 1027 695; baseline 0.001 -15"><span class='ocrx_word' id='word_1_28' title='bbox 277 630 306 681; x_wconf 88' lang='lat' dir='ltr'><strong>et</strong></span> <span class='ocrx_word' id='word_1_29' title='bbox 324 627 501 695; x_wconf 80' lang='lat' dir='ltr'><strong>Apolloniam</strong></span> <span class='ocrx_word' id='word_1_30' title='bbox 511 668 517 695; x_wconf 93' lang='lat'><strong>,</strong></span> <span class='ocrx_word' id='word_1_31' title='bbox 542 630 683 681; x_wconf 87' lang='lat' dir='ltr'><strong>venerunt</strong></span> <span class='ocrx_word' id='word_1_32' title='bbox 700 627 952 695; x_wconf 79' lang='lat' dir='ltr'><strong>Thessalonicam,</strong></span> <span class='ocrx_word' id='word_1_33' title='bbox 978 626 1027 681; x_wconf 87' lang='lat' dir='ltr'><strong>uhi</strong></span> 
     </span>
    </p>

    <p class='ocr_par' dir='ltr' id='par_1_4' title="bbox 138 706 1028 855">
     <span class='ocr_line' id='line_1_7' title="bbox 138 706 1026 777; baseline 0 -16"><span class='ocrx_word' id='word_1_34' title='bbox 138 728 212 769; x_wconf 65' lang='lat' dir='ltr'><strong>aare.</strong></span> <span class='ocrx_word' id='word_1_35' title='bbox 240 710 338 761; x_wconf 77' lang='lat' dir='ltr'><strong>2erat</strong></span> <span class='ocrx_word' id='word_1_36' title='bbox 368 722 518 777; x_wconf 83' lang='lat' dir='ltr'><strong>synagoga</strong></span> <span class='ocrx_word' id='word_1_37' title='bbox 544 706 722 762; x_wconf 87' lang='lat' dir='ltr'><strong>ludaeomm.</strong></span> <span class='ocrx_word' id='word_1_38' title='bbox 766 707 931 761; x_wconf 86' lang='lat' dir='ltr'><strong>Secundum</strong></span> <span class='ocrx_word' id='word_1_39' title='bbox 962 724 1026 762; x_wconf 88' lang='lat' dir='ltr'><strong>con·</strong></span> 
     </span>
     <span class='ocr_line' id='line_1_8' title="bbox 277 786 1028 855; baseline 0 -14"><span class='ocrx_word' id='word_1_40' title='bbox 277 786 458 841; x_wconf 76' lang='lat' dir='ltr'><strong>suetudinem</strong></span> <span class='ocrx_word' id='word_1_41' title='bbox 478 790 573 841; x_wconf 87' lang='lat' dir='ltr'><strong>autem</strong></span> <span class='ocrx_word' id='word_1_42' title='bbox 588 788 695 842; x_wconf 90' lang='lat' dir='ltr'><strong>Paulus</strong></span> <span class='ocrx_word' id='word_1_43' title='bbox 714 787 843 842; x_wconf 81' lang='lat' dir='ltr'><strong>introivit</strong></span> <span class='ocrx_word' id='word_1_44' title='bbox 862 787 900 841; x_wconf 91' lang='lat' dir='ltr'><strong>ad</strong></span> <span class='ocrx_word' id='word_1_45' title='bbox 919 802 980 855; x_wconf 77' lang='lat' dir='ltr'><strong>eae,</strong></span> <span class='ocrx_word' id='word_1_46' title='bbox 999 790 1028 842; x_wconf 90' lang='lat' dir='ltr'><strong>et</strong></span> 
     </span>
    </p>

    <p class='ocr_par' dir='ltr' id='par_1_5' title="bbox 274 866 1027 937">
     <span class='ocr_line' id='line_1_9' title="bbox 274 866 1027 937; baseline 0 -16"><span class='ocrx_word' id='word_1_47' title='bbox 274 884 327 937; x_wconf 89' lang='lat' dir='ltr'><strong>per</strong></span> <span class='ocrx_word' id='word_1_48' title='bbox 347 868 471 921; x_wconf 89' lang='lat' dir='ltr'><strong>sabbata</strong></span> <span class='ocrx_word' id='word_1_49' title='bbox 489 867 545 921; x_wconf 88' lang='lat' dir='ltr'><strong>tria</strong></span> <span class='ocrx_word' id='word_1_50' title='bbox 564 866 726 922; x_wconf 86' lang='lat' dir='ltr'><strong>disserebat</strong></span> <span class='ocrx_word' id='word_1_51' title='bbox 744 868 786 921; x_wconf 90' lang='lat' dir='ltr'><strong>eis</strong></span> <span class='ocrx_word' id='word_1_52' title='bbox 805 867 841 921; x_wconf 90' lang='lat' dir='ltr'><strong>de</strong></span> <span class='ocrx_word' id='word_1_53' title='bbox 860 866 1027 936; x_wconf 79' lang='lat' dir='ltr'><strong>ScripturiS,</strong></span> 
     </span>
    </p>

    <p class='ocr_par' dir='ltr' id='par_1_6' title="bbox 98 946 1028 1178">
     <span class='ocr_line' id='line_1_10' title="bbox 98 946 1028 1017; baseline -0.002 -14"><span class='ocrx_word' id='word_1_54' title='bbox 98 970 212 1011; x_wconf 63' lang='lat' dir='ltr'><strong>ananau.</strong></span> <span class='ocrx_word' id='word_1_55' title='bbox 241 952 257 1002; x_wconf 83' lang='lat'><strong>3</strong></span> <span class='ocrx_word' id='word_1_56' title='bbox 277 946 446 1017; x_wconf 85' lang='lat' dir='ltr'><strong>adaperiens</strong></span> <span class='ocrx_word' id='word_1_57' title='bbox 471 952 500 1002; x_wconf 89' lang='lat' dir='ltr'><strong>et</strong></span> <span class='ocrx_word' id='word_1_58' title='bbox 522 948 672 1002; x_wconf 88' lang='lat' dir='ltr'><strong>insinuans</strong></span> <span class='ocrx_word' id='word_1_59' title='bbox 692 948 760 1017; x_wconf 88' lang='lat' dir='ltr'><strong>quia</strong></span> <span class='ocrx_word' id='word_1_60' title='bbox 779 946 924 1001; x_wconf 84' lang='lat' dir='ltr'><strong>Christum</strong></span> <span class='ocrx_word' id='word_1_61' title='bbox 945 965 1028 1017; x_wconf 92' lang='lat' dir='ltr'><strong>opor·</strong></span> 
     </span>
     <span class='ocr_line' id='line_1_11' title="bbox 120 1016 1028 1099; baseline 0 -18"><span class='ocrx_word' id='word_1_62' title='bbox 120 1016 179 1048; x_wconf 56' lang='lat'><strong>⁴⁶³⁰·</strong></span> <span class='ocrx_word' id='word_1_63' title='bbox 276 1028 333 1082; x_wconf 90' lang='lat' dir='ltr'><strong>tuit</strong></span> <span class='ocrx_word' id='word_1_64' title='bbox 350 1028 421 1099; x_wconf 89' lang='lat' dir='ltr'><strong>pati,</strong></span> <span class='ocrx_word' id='word_1_65' title='bbox 440 1031 470 1082; x_wconf 89' lang='lat' dir='ltr'><strong>et</strong></span> <span class='ocrx_word' id='word_1_66' title='bbox 488 1044 637 1097; x_wconf 85' lang='lat' dir='ltr'><strong>resurgere</strong></span> <span class='ocrx_word' id='word_1_67' title='bbox 656 1046 674 1082; x_wconf 91' lang='lat' dir='ltr'><strong>a</strong></span> <span class='ocrx_word' id='word_1_68' title='bbox 692 1028 827 1082; x_wconf 83' lang='lat' dir='ltr'><strong>mortuis:</strong></span> <span class='ocrx_word' id='word_1_69' title='bbox 847 1032 876 1082; x_wconf 89' lang='lat' dir='ltr'><strong>et</strong></span> <span class='ocrx_word' id='word_1_70' title='bbox 894 1027 964 1097; x_wconf 85' lang='lat' dir='ltr'><strong>quia</strong></span> <span class='ocrx_word' id='word_1_71' title='bbox 982 1028 1028 1081; x_wconf 88' lang='lat' dir='ltr'><strong>hic</strong></span> 
     </span>
     <span class='ocr_line' id='line_1_12' title="bbox 277 1108 1028 1178; baseline 0.001 -17"><span class='ocrx_word' id='word_1_72' title='bbox 277 1112 322 1162; x_wconf 89' lang='lat' dir='ltr'><strong>est</strong></span> <span class='ocrx_word' id='word_1_73' title='bbox 340 1108 420 1163; x_wconf 88' lang='lat' dir='ltr'><strong>Iesus</strong></span> <span class='ocrx_word' id='word_1_74' title='bbox 435 1108 577 1175; x_wconf 88' lang='lat' dir='ltr'><strong>Christus,</strong></span> <span class='ocrx_word' id='word_1_75' title='bbox 595 1126 681 1177; x_wconf 86' lang='lat' dir='ltr'><strong>quem</strong></span> <span class='ocrx_word' id='word_1_76' title='bbox 700 1125 753 1178; x_wconf 85' lang='lat' dir='ltr'><strong>ego</strong></span> <span class='ocrx_word' id='word_1_77' title='bbox 772 1108 915 1163; x_wconf 87' lang='lat' dir='ltr'><strong>annuncio</strong></span> <span class='ocrx_word' id='word_1_78' title='bbox 935 1108 1028 1163; x_wconf 91' lang='lat' dir='ltr'><strong>vohis.</strong></span> 
     </span>
    </p>

    <p class='ocr_par' dir='ltr' id='par_1_7' title="bbox 240 1188 1027 1258">
     <span class='ocr_line' id='line_1_13' title="bbox 240 1188 1027 1258; baseline -0.001 -15"><span class='ocrx_word' id='word_1_79' title='bbox 240 1188 313 1243; x_wconf 73' lang='lat' dir='ltr'><strong>rat</strong></span> <span class='ocrx_word' id='word_1_80' title='bbox 340 1188 457 1258; x_wconf 89' lang='lat' dir='ltr'><strong>quidam</strong></span> <span class='ocrx_word' id='word_1_81' title='bbox 485 1206 521 1243; x_wconf 85' lang='lat' dir='ltr'><strong>ex</strong></span> <span class='ocrx_word' id='word_1_82' title='bbox 549 1189 592 1243; x_wconf 90' lang='lat' dir='ltr'><strong>eis</strong></span> <span class='ocrx_word' id='word_1_83' title='bbox 618 1188 814 1256; x_wconf 87' lang='lat' dir='ltr'><strong>crediderunt,</strong></span> <span class='ocrx_word' id='word_1_84' title='bbox 842 1193 872 1244; x_wconf 86' lang='lat' dir='ltr'><strong>et</strong></span> <span class='ocrx_word' id='word_1_85' title='bbox 898 1188 1027 1243; x_wconf 84' lang='lat' dir='ltr'><strong>adiuncti</strong></span> 
     </span>
    </p>

    <p class='ocr_par' dir='ltr' id='par_1_8' title="bbox 276 1262 1028 1419">
     <span class='ocr_line' id='line_1_14' title="bbox 276 1262 1028 1337; baseline 0 -14"><span class='ocrx_word' id='word_1_86' title='bbox 276 1272 344 1323; x_wconf 90' lang='lat' dir='ltr'><strong>sunt</strong></span> <span class='ocrx_word' id='word_1_87' title='bbox 363 1270 465 1337; x_wconf 87' lang='lat' dir='ltr'><strong>Paulo,</strong></span> <span class='ocrx_word' id='word_1_88' title='bbox 479 1262 519 1323; x_wconf 65' lang='lat' dir='ltr'><strong>&#39;et</strong></span> <span class='ocrx_word' id='word_1_89' title='bbox 539 1268 629 1335; x_wconf 88' lang='lat' dir='ltr'><strong>Silae,</strong></span> <span class='ocrx_word' id='word_1_90' title='bbox 652 1268 736 1323; x_wconf 91' lang='lat' dir='ltr'><strong>etde</strong></span> <span class='ocrx_word' id='word_1_91' title='bbox 756 1269 932 1337; x_wconf 79' lang='lat' dir='ltr'><strong>colentihuS,</strong></span> <span class='ocrx_word' id='word_1_92' title='bbox 953 1269 1028 1323; x_wconf 88' lang='lat' dir='ltr'><strong>Gen·</strong></span> 
     </span>
     <span class='ocr_line' id='line_1_15' title="bbox 276 1349 1027 1419; baseline 0 -16"><span class='ocrx_word' id='word_1_93' title='bbox 276 1349 432 1418; x_wconf 87' lang='lat' dir='ltr'><strong>tilibusque</strong></span> <span class='ocrx_word' id='word_1_94' title='bbox 472 1349 627 1404; x_wconf 90' lang='lat' dir='ltr'><strong>multitudo</strong></span> <span class='ocrx_word' id='word_1_95' title='bbox 664 1366 784 1419; x_wconf 83' lang='lat' dir='ltr'><strong>magna,</strong></span> <span class='ocrx_word' id='word_1_96' title='bbox 826 1353 855 1404; x_wconf 89' lang='lat' dir='ltr'><strong>et</strong></span> <span class='ocrx_word' id='word_1_97' title='bbox 891 1349 1027 1405; x_wconf 87' lang='lat' dir='ltr'><strong>mulieres</strong></span> 
     </span>
    </p>

    <p class='ocr_par' dir='ltr' id='par_1_9' title="bbox 154 1426 1135 1582">
     <span class='ocr_line' id='line_1_16' title="bbox 154 1426 1064 1499; baseline 0.001 -16"><span class='ocrx_word' id='word_1_98' title='bbox 154 1452 211 1495; x_wconf 66' lang='lat' dir='ltr'><strong>rau.</strong></span> <span class='ocrx_word' id='word_1_99' title='bbox 241 1435 257 1485; x_wconf 84' lang='lat'>5</span> <span class='ocrx_word' id='word_1_100' title='bbox 276 1429 385 1483; x_wconf 90' lang='lat' dir='ltr'><strong>nobiles</strong></span> <span class='ocrx_word' id='word_1_101' title='bbox 411 1446 467 1484; x_wconf 93' lang='lat' dir='ltr'><strong>non</strong></span> <span class='ocrx_word' id='word_1_102' title='bbox 492 1446 612 1499; x_wconf 85' lang='lat' dir='ltr'><strong>paucae.</strong></span> <span class='ocrx_word' id='word_1_103' title='bbox 649 1430 784 1484; x_wconf 87' lang='lat' dir='ltr'><strong>Zelantes</strong></span> <span class='ocrx_word' id='word_1_104' title='bbox 803 1433 900 1484; x_wconf 90' lang='lat' dir='ltr'><strong>autem</strong></span> <span class='ocrx_word' id='word_1_105' title='bbox 919 1429 1018 1484; x_wconf 92' lang='lat' dir='ltr'><strong>ludaei</strong></span> <span class='ocrx_word' id='word_1_106' title='bbox 1032 1426 1064 1471; x_wconf 76' lang='lat'><strong>47</strong></span> 
     </span>
     <span class='ocr_line' id='line_1_17' title="bbox 276 1502 1135 1582; baseline -0.001 -18"><span class='ocrx_word' id='word_1_107' title='bbox 276 1502 513 1579; x_wconf 87' lang='lat' dir='ltr'><strong>assumentesque</strong></span> <span class='ocrx_word' id='word_1_108' title='bbox 557 1510 593 1564; x_wconf 90' lang='lat' dir='ltr'><strong>de</strong></span> <span class='ocrx_word' id='word_1_109' title='bbox 635 1512 720 1579; x_wconf 85' lang='lat' dir='ltr'><strong>vulgo</strong></span> <span class='ocrx_word' id='word_1_110' title='bbox 764 1510 842 1565; x_wconf 89' lang='lat' dir='ltr'><strong>viros</strong></span> <span class='ocrx_word' id='word_1_111' title='bbox 884 1510 1027 1579; x_wconf 91' lang='lat' dir='ltr'><strong>quosdam</strong></span> <span class='ocrx_word' id='word_1_112' title='bbox 1133 1577 1135 1582; x_wconf 28' lang='grc' dir='ltr'>Ι</span> 
     </span>
    </p>

    <p class='ocr_par' dir='ltr' id='par_1_10' title="bbox 275 1591 1135 1670">
     <span class='ocr_line' id='line_1_18' title="bbox 275 1591 1135 1670; baseline -0.001 -25"><span class='ocrx_word' id='word_1_113' title='bbox 275 1592 382 1658; x_wconf 90' lang='lat' dir='ltr'><strong>malos,</strong></span> <span class='ocrx_word' id='word_1_114' title='bbox 415 1593 444 1644; x_wconf 88' lang='lat' dir='ltr'><strong>et</strong></span> <span class='ocrx_word' id='word_1_115' title='bbox 472 1591 558 1645; x_wconf 88' lang='lat' dir='ltr'><strong>turba</strong></span> <span class='ocrx_word' id='word_1_116' title='bbox 585 1591 680 1658; x_wconf 84' lang='lat' dir='ltr'><strong>facta,</strong></span> <span class='ocrx_word' id='word_1_117' title='bbox 712 1591 931 1645; x_wconf 87' lang='lat' dir='ltr'><strong>concitaverunt</strong></span> <span class='ocrx_word' id='word_1_118' title='bbox 960 1591 1029 1644; x_wconf 86' lang='lat' dir='ltr'><strong>civi·</strong></span> <span class='ocrx_word' id='word_1_119' title='bbox 1133 1647 1135 1670; x_wconf 55' lang='grc' dir='ltr'>Ι</span> 
     </span>
    </p>

    <p class='ocr_par' dir='ltr' id='par_1_11' title="bbox 276 1670 1135 1742">
     <span class='ocr_line' id='line_1_19' title="bbox 276 1670 1135 1742; baseline -0.001 -16"><span class='ocrx_word' id='word_1_120' title='bbox 276 1675 381 1726; x_wconf 87' lang='lat' dir='ltr'><strong>tatem:</strong></span> <span class='ocrx_word' id='word_1_121' title='bbox 407 1675 436 1725; x_wconf 90' lang='lat' dir='ltr'><strong>et</strong></span> <span class='ocrx_word' id='word_1_122' title='bbox 460 1672 632 1726; x_wconf 88' lang='lat' dir='ltr'><strong>assistentes</strong></span> <span class='ocrx_word' id='word_1_123' title='bbox 655 1670 751 1725; x_wconf 92' lang='lat' dir='ltr'><strong>domui</strong></span> <span class='ocrx_word' id='word_1_124' title='bbox 774 1671 884 1725; x_wconf 89' lang='lat' dir='ltr'><strong>Iasonis</strong></span> <span class='ocrx_word' id='word_1_125' title='bbox 909 1688 1028 1740; x_wconf 89' lang='lat' dir='ltr'><strong>quaere·</strong></span> <span class='ocrx_word' id='word_1_126' title='bbox 1133 1673 1135 1742; x_wconf 74' lang='grc' dir='ltr'><em>ζ</em></span> 
     </span>
    </p>

    <p class='ocr_par' dir='ltr' id='par_1_12' title="bbox 154 1750 1135 1899">
     <span class='ocr_line' id='line_1_20' title="bbox 154 1750 1135 1824; baseline -0.001 -18"><span class='ocrx_word' id='word_1_127' title='bbox 154 1774 212 1816; x_wconf 67' lang='lat' dir='ltr'><strong>repo.</strong></span> <span class='ocrx_word' id='word_1_128' title='bbox 241 1752 346 1806; x_wconf 72' lang='lat' dir='ltr'><strong>libant</strong></span> <span class='ocrx_word' id='word_1_129' title='bbox 379 1768 429 1805; x_wconf 88' lang='lat' dir='ltr'><strong>eos</strong></span> <span class='ocrx_word' id='word_1_130' title='bbox 461 1751 619 1821; x_wconf 90' lang='lat' dir='ltr'><strong>producere</strong></span> <span class='ocrx_word' id='word_1_131' title='bbox 650 1751 679 1805; x_wconf 91' lang='lat' dir='ltr'><strong>in</strong></span> <span class='ocrx_word' id='word_1_132' title='bbox 708 1752 853 1821; x_wconf 91' lang='lat' dir='ltr'><strong>populum.</strong></span> <span class='ocrx_word' id='word_1_133' title='bbox 896 1750 934 1805; x_wconf 87' lang='lat' dir='ltr'><strong>Et</strong></span> <span class='ocrx_word' id='word_1_134' title='bbox 964 1768 1025 1805; x_wconf 86' lang='lat' dir='ltr'><strong>curn</strong></span> <span class='ocrx_word' id='word_1_135' title='bbox 1133 1775 1135 1824; x_wconf 54' lang='grc' dir='ltr'>ξ</span> 
     </span>
     <span class='ocr_line' id='line_1_21' title="bbox 276 1829 1135 1899; baseline 0 -14"><span class='ocrx_word' id='word_1_136' title='bbox 276 1844 332 1887; x_wconf 91' lang='lat' dir='ltr'><strong>non</strong></span> <span class='ocrx_word' id='word_1_137' title='bbox 374 1832 552 1886; x_wconf 89' lang='lat' dir='ltr'><strong>invenissent</strong></span> <span class='ocrx_word' id='word_1_138' title='bbox 589 1849 654 1899; x_wconf 72' lang='lat' dir='ltr'><strong>em,</strong></span> <span class='ocrx_word' id='word_1_139' title='bbox 695 1832 850 1886; x_wconf 81' lang='lat' dir='ltr'><strong>trahebant</strong></span> <span class='ocrx_word' id='word_1_140' title='bbox 885 1831 1022 1897; x_wconf 86' lang='lat' dir='ltr'><strong>Iasonem,</strong></span> <span class='ocrx_word' id='word_1_141' title='bbox 1133 1829 1135 1868; x_wconf 80' lang='grc' dir='ltr'>ἶ</span> 
     </span>
    </p>

    <p class='ocr_par' dir='ltr' id='par_1_13' title="bbox 277 1909 1027 2062">
     <span class='ocr_line' id='line_1_22' title="bbox 277 1909 1024 1981; baseline -0.003 -15"><span class='ocrx_word' id='word_1_142' title='bbox 277 1917 306 1967; x_wconf 89' lang='lat' dir='ltr'><strong>et</strong></span> <span class='ocrx_word' id='word_1_143' title='bbox 325 1909 477 1981; x_wconf 76' lang='lat' dir='ltr'><strong>‘quosdam</strong></span> <span class='ocrx_word' id='word_1_144' title='bbox 510 1913 615 1967; x_wconf 86' lang='lat' dir='ltr'><strong>fratres</strong></span> <span class='ocrx_word' id='word_1_145' title='bbox 648 1912 685 1965; x_wconf 89' lang='lat' dir='ltr'><strong>ad</strong></span> <span class='ocrx_word' id='word_1_146' title='bbox 717 1912 860 1981; x_wconf 85' lang='lat' dir='ltr'><strong>principes</strong></span> <span class='ocrx_word' id='word_1_147' title='bbox 889 1912 1024 1977; x_wconf 87' lang='lat' dir='ltr'><strong>civitatis,</strong></span> 
     </span>
     <span class='ocr_line' id='line_1_23' title="bbox 277 1992 1027 2062; baseline -0.003 -15"><span class='ocrx_word' id='word_1_148' title='bbox 277 1994 451 2047; x_wconf 86' lang='lat' dir='ltr'><strong>clamantes:</strong></span> <span class='ocrx_word' id='word_1_149' title='bbox 480 1992 621 2062; x_wconf 86' lang='lat' dir='ltr'><strong>Quoniam</strong></span> <span class='ocrx_word' id='word_1_150' title='bbox 648 1992 693 2059; x_wconf 92' lang='lat' dir='ltr'><strong>hi,</strong></span> <span class='ocrx_word' id='word_1_151' title='bbox 721 1992 770 2061; x_wconf 91' lang='lat' dir='ltr'><strong>qui</strong></span> <span class='ocrx_word' id='word_1_152' title='bbox 797 1992 904 2047; x_wconf 90' lang='lat' dir='ltr'><strong>Urbem</strong></span> <span class='ocrx_word' id='word_1_153' title='bbox 934 1992 1027 2047; x_wconf 87' lang='lat' dir='ltr'><strong>eonci-</strong></span> 
     </span>
    </p>
   </div>
   <div class='ocr_carea' id='block_1_3' title="bbox 87 2059 1027 2145">
    <p class='ocr_par' dir='ltr' id='par_1_14' title="bbox 87 2059 1027 2145">
     <span class='ocr_line' id='line_1_24' title="bbox 87 2059 1027 2145; baseline -0.003 -17"><span class='ocrx_word' id='word_1_154' title='bbox 87 2059 212 2145; x_wconf 55' lang='lat' dir='ltr'><strong>m&#39;ilif‘fi]</strong></span> <span class='ocrx_word' id='word_1_155' title='bbox 242 2078 256 2128; x_wconf 84' lang='lat'>7</span> <span class='ocrx_word' id='word_1_156' title='bbox 277 2076 353 2141; x_wconf 87' lang='lat' dir='ltr'><strong>tant,</strong></span> <span class='ocrx_word' id='word_1_157' title='bbox 380 2078 408 2127; x_wconf 89' lang='lat' dir='ltr'><strong>et</strong></span> <span class='ocrx_word' id='word_1_158' title='bbox 432 2074 487 2127; x_wconf 91' lang='lat' dir='ltr'><strong>huc</strong></span> <span class='ocrx_word' id='word_1_159' title='bbox 505 2075 658 2140; x_wconf 88' lang='lat' dir='ltr'><strong>venerunt,</strong></span> <span class='ocrx_word' id='word_1_160' title='bbox 674 2074 679 2111; x_wconf 78' lang='grc' dir='ltr'>Ι</span> <span class='ocrx_word' id='word_1_161' title='bbox 695 2088 767 2141; x_wconf 87' lang='lat' dir='ltr'><strong>quos</strong></span> <span class='ocrx_word' id='word_1_162' title='bbox 786 2072 914 2142; x_wconf 86' lang='lat' dir='ltr'><strong>suscepit</strong></span> <span class='ocrx_word' id='word_1_163' title='bbox 934 2073 1027 2138; x_wconf 89' lang='lat' dir='ltr'><strong>lason,</strong></span> 
     </span>
    </p>
   </div>
   <div class='ocr_carea' id='block_1_4' title="bbox 126 2148 1135 2306">
    <p class='ocr_par' dir='ltr' id='par_1_15' title="bbox 126 2148 1135 2306">
     <span class='ocr_line' id='line_1_25' title="bbox 126 2148 1029 2233; baseline -0.001 -25"><span class='ocrx_word' id='word_1_164' title='bbox 126 2148 213 2233; x_wconf 51' lang='grc' dir='ltr'><strong>ξὴῑῖζξξζ</strong></span> <span class='ocrx_word' id='word_1_165' title='bbox 277 2157 306 2208; x_wconf 84' lang='lat' dir='ltr'><strong>et</strong></span> <span class='ocrx_word' id='word_1_166' title='bbox 329 2154 358 2207; x_wconf 94' lang='lat' dir='ltr'><strong>hi</strong></span> <span class='ocrx_word' id='word_1_167' title='bbox 381 2170 479 2208; x_wconf 90' lang='lat' dir='ltr'><strong>ornnes</strong></span> <span class='ocrx_word' id='word_1_168' title='bbox 499 2159 600 2208; x_wconf 89' lang='lat' dir='ltr'><strong>contra</strong></span> <span class='ocrx_word' id='word_1_169' title='bbox 619 2152 735 2207; x_wconf 88' lang='lat' dir='ltr'><strong>decreta</strong></span> <span class='ocrx_word' id='word_1_170' title='bbox 753 2152 886 2206; x_wconf 86' lang='lat' dir='ltr'><strong>Caesaris</strong></span> <span class='ocrx_word' id='word_1_171' title='bbox 906 2149 1029 2220; x_wconf 88' lang='lat' dir='ltr'><strong>faciunt,</strong></span> 
     </span>
     <span class='ocr_line' id='line_1_26' title="bbox 242 2232 1135 2306; baseline -0.001 -18"><span class='ocrx_word' id='word_1_172' title='bbox 242 2240 258 2289; x_wconf 85' lang='lat'>8</span> <span class='ocrx_word' id='word_1_173' title='bbox 277 2250 373 2303; x_wconf 85' lang='lat' dir='ltr'><strong>regem</strong></span> <span class='ocrx_word' id='word_1_174' title='bbox 397 2236 483 2288; x_wconf 89' lang='lat' dir='ltr'><strong>alium</strong></span> <span class='ocrx_word' id='word_1_175' title='bbox 503 2233 631 2288; x_wconf 90' lang='lat' dir='ltr'><strong>dicentes</strong></span> <span class='ocrx_word' id='word_1_176' title='bbox 650 2249 728 2300; x_wconf 90' lang='lat' dir='ltr'><strong>esse,</strong></span> <span class='ocrx_word' id='word_1_177' title='bbox 753 2232 855 2287; x_wconf 91' lang='lat' dir='ltr'><strong>lesum.</strong></span> <span class='ocrx_word' id='word_1_178' title='bbox 893 2232 1029 2288; x_wconf 86' lang='lat' dir='ltr'><strong>Concita·</strong></span> <span class='ocrx_word' id='word_1_179' title='bbox 1133 2271 1135 2306; x_wconf 63' lang='lat'>3</span> 
     </span>
    </p>
   </div>
   <div class='ocr_carea' id='block_1_5' title="bbox 277 2312 1029 2383">
    <p class='ocr_par' dir='ltr' id='par_1_16' title="bbox 277 2312 1029 2383">
     <span class='ocr_line' id='line_1_27' title="bbox 277 2312 1029 2383; baseline -0.001 -15"><span class='ocrx_word' id='word_1_180' title='bbox 277 2318 380 2369; x_wconf 87' lang='lat' dir='ltr'><strong>verunt</strong></span> <span class='ocrx_word' id='word_1_181' title='bbox 406 2319 501 2370; x_wconf 88' lang='lat' dir='ltr'><strong>autem</strong></span> <span class='ocrx_word' id='word_1_182' title='bbox 525 2315 654 2383; x_wconf 91' lang='lat' dir='ltr'><strong>plebem,</strong></span> <span class='ocrx_word' id='word_1_183' title='bbox 680 2318 709 2367; x_wconf 90' lang='lat' dir='ltr'><strong>et</strong></span> <span class='ocrx_word' id='word_1_184' title='bbox 732 2313 875 2383; x_wconf 85' lang='lat' dir='ltr'><strong>principes</strong></span> <span class='ocrx_word' id='word_1_185' title='bbox 898 2312 1029 2367; x_wconf 90' lang='lat' dir='ltr'><strong>civitatis</strong></span> 
     </span>
    </p>
   </div>
   <div class='ocr_carea' id='block_1_6' title="bbox 332 2714 618 2839">
    <p class='ocr_par' dir='ltr' id='par_1_17' title="bbox 332 2714 618 2839">
     <span class='ocr_line' id='line_1_28' title="bbox 332 2714 618 2769; baseline 0.01 -14"><span class='ocrx_word' id='word_1_186' title='bbox 332 2714 381 2769; x_wconf 65' lang='lat'><strong>¹⁷23</strong></span> <span class='ocrx_word' id='word_1_187' title='bbox 396 2718 417 2764; x_wconf 94' lang='lat'>&gt;</span> <span class='ocrx_word' id='word_1_188' title='bbox 435 2716 538 2759; x_wconf 86' lang='lat' dir='ltr'><strong>christus</strong></span> <span class='ocrx_word' id='word_1_189' title='bbox 552 2715 618 2758; x_wconf 81' lang='lat' dir='ltr'><strong>iesus</strong></span> 
     </span>
     <span class='ocr_line' id='line_1_29' title="bbox 332 2797 442 2839; baseline 0 0"><span class='ocrx_word' id='word_1_190' title='bbox 332 2804 346 2839; x_wconf 84' lang='lat'><strong><em>6</em></strong></span> <span class='ocrx_word' id='word_1_191' title='bbox 360 2797 442 2839; x_wconf 88' lang='lat' dir='ltr'><strong>orbem</strong></span> 
     </span>
    </p>
   </div>
   <div class='ocr_carea' id='block_1_7' title="bbox 0 0 1151 3434">
    <p class='ocr_par' dir='ltr' id='par_1_18' title="bbox 0 0 1151 3434">
     <span class='ocr_line' id='line_1_30' title="bbox 0 0 1151 3434; baseline 0 0"><span class='ocrx_word' id='word_1_192' title='bbox 0 0 1151 3434; x_wconf 95' lang='lat' dir='ltr'><strong> </strong></span> 
     </span>
    </p>
   </div>
   <div class='ocr_carea' id='block_1_8' title="bbox 1020 1472 1135 1533">
    <p class='ocr_par' dir='ltr' id='par_1_19' title="bbox 1020 1472 1135 1533">
     <span class='ocr_line' id='line_1_31' title="bbox 1020 1472 1135 1533; baseline -0.026 0"><span class='ocrx_word' id='word_1_193' title='bbox 1020 1472 1063 1533; x_wconf 73' lang='grc'><strong>’(6)</strong></span> <span class='ocrx_word' id='word_1_194' title='bbox 1133 1483 1135 1492; x_wconf 90' lang='grc'><strong><em>·</em></strong></span> 
     </span>
    </p>
   </div>
  </div>
 </body>
</html>
