2275 3434
259 145 463 215 tuoe—mm.
484 147 684 201 SECVNDVM
704 147 941 202 MATTHAEVM.

315 306 411 362 dicant
430 305 521 376 plebi:
548 307 679 362 Surrexit
697 326 716 363 a
733 309 869 363 mortuis:
893 312 923 365 et
941 311 1003 365 erit
1021 330 1071 365 no-

261 389 295 440 65
314 387 448 441 vissimus
468 402 546 440 error
564 388 646 456 peior
663 388 765 458 priore.
802 389 851 443 Ait
868 388 923 443 illis
938 390 1070 445 Pilatus:

314 467 435 521 Habetis
455 467 623 535 custodiam,
646 469 695 535 ite,
715 468 858 523 custodite
877 469 955 524 sicut
973 473 1071 526 scitis.

159 567 190 600 m
201 570 249 610 ma
260 551 295 602 66
313 548 355 638 illi
380 550 477 658 alitem
503 547 659 681 eligunteS,
684 550 1071 684 ωυηίεῐηὲιίῐὲυὲερώοὴωιιι,

121 712 151 746 aa
163 665 250 753 iaiffio.
260 697 303 771 28
314 628 876 780 fflgmiildddeidpitdtnedncdanlibiiiis,oquae
888 672 1024 768 'lucescit
1043 715 1072 767 iu

136 757 250 843 33:113:
314 789 405 858 prima
435 789 564 856 sabbati,
594 789 674 844 venit
700 790 790 844 Maria
817 790 1008 860 Magdalene,
1044 800 1073 847 et

191 847 249 887 Μ’
278 870 405 923 tallere
436 868 526 923 Maria
559 870 656 924 videre
691 870 880 939 sepulchrum.
926 871 966 925 Et
1000 890 1072 927 ecce

314 953 503 1004 terraemotus
541 950 637 1004 factus
674 955 718 1004 est
755 968 886 1020 magnus,
935 951 1072 1020 Angelus

314 1030 389 1084 enim
408 1029 522 1084 Domini
541 1030 690 1085 descendit
709 1031 744 1084 de
763 1032 854 1085 caelo:
875 1035 903 1085 et
922 1033 1071 1088 accedeus

99 1133 145 1174 op.
156 1129 194 1167 Aa
203 1134 249 1175 1,1o.
278 1113 294 1162 3
313 1110 434 1164 revolvit
452 1110 585 1179 lapidem,
605 1114 635 1164 et
654 1110 774 1165 sedebat
789 1127 968 1181 supereum:
1004 1123 1071 1169 erut

314 1191 410 1244 autem
436 1194 571 1259 aspectus
598 1190 659 1245 eius
684 1191 759 1245 sicut
785 1190 894 1260 fulgur:
920 1194 950 1245 et
977 1197 1071 1250 vesti-

277 1274 440 1324 4mentum
468 1271 528 1324 eius
555 1269 630 1325 sicut
653 1271 710 1324 nix.
747 1271 820 1326 Prae
844 1272 946 1326 timore
967 1278 1066 1330 auteur

314 1351 375 1405 eius
404 1350 531 1404 exterriti
560 1355 629 1405 sunt
656 1351 806 1420 custodes,
840 1357 869 1407 et
897 1352 967 1406 facti
996 1364 1068 1409 sunl
1085 1392 1108 1428 ¹..

278 1431 392 1486 5velut
428 1430 541 1484 mortui.
593 1431 780 1500 Respondeas
813 1436 909 1487 autem
942 1437 1092 1503 angelusf

314 1511 386 1566 dixit
420 1510 602 1565 mulieribus:
639 1512 733 1567 Nolite
765 1512 865 1567 timere
897 1529 964 1566 vos:
1004 1518 1069 1569 scio

314 1591 402 1658 enim,
428 1590 504 1659 quod
523 1591 631 1659 Iesum,
655 1592 703 1660 qui
723 1593 875 1647 crucifixus
894 1596 952 1659 est,
976 1611 1070 1662 quae-

112 1695 173 1735 ram
187 1695 248 1736 rapo,
278 1678 294 1726 6
313 1672 390 1726 ritis:
412 1672 485 1724 'non
504 1675 549 1725 est
567 1672 627 1725 hic:
648 1673 771 1726 surrexit
787 1673 870 1740 enim,
890 1673 965 1727 sicut
982 1673 1069 1730 dixit.

114 1741 249 1825 nimii:
314 1751 417 1818 venite,
442 1754 471 1804 et
489 1751 584 1806 videte
604 1753 706 1819 locum,
724 1752 774 1806 ubi
792 1753 905 1821 positus
924 1756 988 1809 erat
1007 1754 1070 1810 Do·
1103 1788 1108 1799 ·

190 1856 248 1898 aaa.
278 1839 293 1886 7
313 1831 415 1884 minus
453 1831 489 1884 Et
508 1831 564 1886 cito
584 1835 702 1899 euntes,
728 1831 814 1886 dicite
833 1833 981 1902 discipulis
1002 1835 1068 1889 eius

314 1910 382 1980 quia
406 1912 542 1965 surrexit:
567 1916 596 1966 et
616 1929 682 1966 ecce
701 1913 848 1981 praecedit
866 1930 918 1967 vos
937 1912 967 1967 in
986 1913 1068 1968 Gali-

296 2015 299 2022 ·
313 1992 419 2044 laeam:
440 1991 478 2044 ihi
494 2009 558 2045 eum
573 1992 716 2046 videbitis,
748 2009 814 2046 ecce
827 1992 957 2062 praedixi
971 1995 1066 2049 vobis.

278 2077 294 2127 8
314 2071 349 2124 Et
375 2071 505 2126 exierunt
529 2072 586 2126 cito
610 2072 645 2127 de
664 2076 848 2128 monumento
868 2090 932 2127 cum
951 2073 1094 2152 timores?

314 2155 343 2205 et
368 2151 473 2220 gaudio
498 2171 618 2222 magno,
644 2155 792 2208 curreutes
817 2153 953 2208 nunciare
979 2154 1065 2209 disci·

278 2232 389 2298 opulis
426 2232 496 2287 eius.
547 2233 583 2286 Et
621 2250 687 2287 ecce
719 2234 799 2288 Iesus
838 2234 961 2288 occurrit
998 2234 1064 2303 illis,
1074 2233 1094 2312 ζ

315 2311 425 2366 dicens:
452 2313 550 2368 Avete.
588 2315 656 2367 Illae
683 2317 779 2367 autem
806 2318 1004 2380 accesserunt,
1035 2322 1065 2370 et

314 2394 467 2448 tenuerunt
494 2393 583 2462 pedes
610 2394 687 2460 eiua,
715 2397 744 2448 et
770 2394 963 2449 adoraverunt
988 2411 1063 2450 eum.

170 2469 414 2540 112,11.10'¹Tuuc
451 2473 491 2527 ait
518 2474 574 2528 illis
607 2474 704 2528 Iesus:
741 2474 835 2529 Nolite
868 2475 976 2529 timere.
1014 2476 1063 2545 ite,

93 2560 250 2606 (insumam
314 2553 447 2608 nunciate
468 2555 606 2609 fratribus
625 2553 696 2607 meis
716 2557 748 2608 ut
765 2558 832 2610 eant
849 2556 878 2609 in
896 2555 1063 2624 Galilaeam,

262 2638 294 2689 11
314 2633 353 2686 ibi
371 2651 417 2687 me
436 2634 582 2689 videbunt.
638 2633 718 2704 Quae
738 2652 802 2689 cum
822 2636 973 2702 abiissent,
995 2653 1062 2692 ecce

368 2803 426 2859 28‚2
441 2805 520 2848 terrae
535 2805 593 2848 mot.

367 2874 380 2910 3
394 2866 416 2920 ᾗ
430 2866 578 2910 vestimenta

366 2937 380 3034 ξ
394 2991 415 3047 ᾗ
430 2931 560 3046 dissuadet

366 3057 417 3104 8>
433 3065 524 3108 magno
539 3055 629 3107 gaudio

367 3123 392 3159 11
408 3116 520 3160 abissent

667 3192 695 3236 82
