2275 3434
258 671 484 734 aprsrunn
505 671 571 732 An
593 643 842 733 naussum.

198 815 322 871 ΒΕΑΤΟ
342 815 462 870 PAPAE
481 813 635 870 DAMASO
654 812 904 869 HIERONYMUS.

174 949 269 994 Novum
283 960 343 1004 opus
356 949 437 994 iacere
451 960 489 994 me
503 949 573 1002 cogis
588 960 616 992 ax
629 948 720 1002 veteri,
739 950 767 992 nt
783 950 841 1004 post
857 959 936 1003 exem·

121 1021 199 1077 piaris
214 1021 386 1075 scripturarum
399 1022 451 1065 toto
467 1021 524 1066 orbe
537 1021 650 1075 dispersa
660 1020 730 1074 qnasi
740 1020 836 1074 quidam
846 1020 939 1073 arbiter

122 1094 221 1140 sedeam
236 1094 268 1147 et,
288 1093 345 1148 arria
358 1093 422 1137 inter
436 1103 463 1137 se
477 1093 583 1144 variant,
602 1103 663 1146 quae
683 1092 733 1136 sint
750 1093 794 1136 ilia
808 1103 869 1146 quae
884 1103 937 1137 eum

123 1165 217 1210 Graeca
238 1165 394 1210 consentiant
413 1165 518 1210 veritate
542 1164 678 1210 decernam
711 1165 769 1210 Pina
789 1165 872 1220 labor,
894 1164 964 1209 sedo

121 1237 259 1291 periculosa
277 1238 454 1292 praesumptio,
472 1236 580 1281 iudicare
596 1236 626 1281 de
643 1237 731 1281 ceteris
748 1237 827 1290 ipsum
841 1237 872 1280 ab
887 1247 936 1280 om·

121 1308 193 1352 nibus
212 1308 379 1360 iudicandum,
401 1309 468 1353 senis
488 1309 582 1352 mutare
602 1307 713 1362 linguam
729 1310 754 1353 et
768 1310 938 1353 canescentem

122 1380 235 1424 mnndum
251 1380 282 1424 ad
295 1380 367 1432 initia
380 1379 503 1432 retrahere
517 1379 677 1434 parvulorum.
688 1427 691 1432 .
703 1379 760 1432 Quis
775 1380 839 1424 euim
851 1379 937 1425 doctus

121 1452 214 1506 pariter
231 1452 271 1496 vei
289 1451 414 1505 indoctus,
433 1462 487 1495 curn
502 1451 528 1496 in
544 1462 631 1496 manus
645 1450 758 1496 volumen
774 1449 938 1504 adsumpserit

123 1524 148 1567 et
162 1535 177 1568 a
191 1523 271 1568 saliva
286 1535 358 1578 quam
372 1523 446 1567 semei
461 1522 552 1568 inbibit
565 1522 655 1566 viderit
669 1522 806 1578 discrepare
817 1521 936 1577 quodlec·
952 1520 978 1563 10

121 1594 188 1650 titat,
205 1606 254 1638 non
269 1594 354 1639 statim
368 1598 477 1650 erumpat
492 1593 518 1638 in
532 1605 625 1649 vocem,
641 1605 679 1639 me
697 1593 823 1638 falsarium
837 1605 875 1638 me
889 1593 937 1638 cla-

122 1677 191 1712 maus
213 1677 268 1711 esse
289 1666 446 1722 sacrilegum,
469 1665 509 1720 qui
531 1665 634 1710 audeam
655 1665 746 1718 aliquid
767 1664 793 1710 in
813 1665 937 1709 veteribus

121 1736 190 1781 libris
206 1737 304 1790 addere,
315 1739 417 1792 mutare,
429 1736 565 1790 corrigere?
587 1736 721 1780 Adversum
735 1748 806 1791 quem
819 1735 938 1796 invidiam

122 1808 210 1864 duplex
223 1820 298 1854 causa
312 1820 350 1853 me
365 1808 518 1854 consolatur:
535 1808 598 1864 qrtod
613 1810 638 1852 et
652 1812 678 1853 tn
689 1811 730 1862 qui
740 1798 846 1852 summus
856 1818 936 1852 sacer-

122 1879 167 1924 dos
188 1890 216 1924 es
236 1879 289 1924 fleri
309 1879 386 1934 iubes,
407 1881 431 1924 et
449 1889 532 1924 verum
549 1891 599 1923 non
618 1891 673 1923 esse
692 1879 754 1933 quod
769 1876 978 1923 variatetiam15

122 1949 293 1994 maledicorum
317 1949 459 1994 testimonio
485 1949 657 2006 conprobatur.
699 1948 725 1992 Si
753 1948 816 1993 enim
841 1947 936 1992 Latinis

122 2021 299 2075 exemplaribus
314 2019 375 2065 fides
390 2023 428 2065 cst
443 2021 589 2075 adhibenda,
603 2021 769 2076 respondeant
781 2019 883 2073 quibus:
900 2021 938 2062 tot

122 2093 181 2136 sunt
194 2103 271 2146 paena
286 2094 345 2148 quot
358 2093 463 2137 codices.
488 2091 530 2136 Sin
546 2096 628 2137 autem
641 2092 733 2136 veritas
749 2094 788 2135 est
801 2090 938 2144 quaerenda

122 2163 152 2206 de
170 2163 292 2217 pluribus,
312 2175 354 2207 cur
367 2175 415 2207 non
431 2163 462 2207 ad
477 2163 595 2206 Graecam
610 2160 729 2216 originem
742 2163 895 2206 revertentes
909 2172 939 2205 ea

122 2235 184 2288 quae'
205 2233 244 2278 vel
266 2245 281 2278 a
299 2234 396 2278 vitiosis
417 2233 591 2288 interpretibus
612 2232 676 2278 male
695 2233 761 2278 edita
779 2232 818 2276 vel
836 2245 852 2277 a
868 2243 937 2286 prae·
952 2230 979 2274 20

122 2305 287 2360 sumptoribus
306 2303 425 2361 imperitis
445 2305 575 2350 emendata
592 2304 730 2364 perversius
745 2302 784 2347 vel
803 2316 818 2347 a
831 2301 938 2350 librariis

122 2377 310 2422 dormitantibus
337 2380 379 2422 aut
403 2377 488 2420 addita
512 2377 570 2421 sunt
593 2377 636 2420 aut
658 2378 753 2426 mutate
777 2373 938 2429 corrigimus?

121 2447 204 2502 Neque
218 2460 276 2492 vero
291 2459 338 2502 ego
353 2448 383 2493 de
397 2447 475 2492 vetari
489 2448 587 2501 disputo
601 2448 758 2501 testamento,
779 2448 842 2500 quod
856 2459 871 2489 a
885 2459 938 2501 sep-

121 2520 236 2572 tuaginta
261 2520 397 2564 senioribus
423 2520 448 2563 in
474 2519 592 2564 Graecam
615 2519 725 2573 lingnam
747 2529 844 2563 versum
866 2521 939 2563 tertio

122 2591 199 2646 gradu
221 2591 252 2634 ad
273 2602 317 2636 nos
339 2602 414 2644 usqne
435 2590 553 2644 pervenit.
589 2589 642 2633 Non
664 2601 754 2643 quaero
775 2589 832 2644 quid
852 2589 939 2644 Aquila
952 2588 979 2632 25

122 2662 179 2715 quid
194 2659 351 2716 Symmachus
367 2662 474 2716 sapient,
490 2673 564 2716 qnare
578 2660 731 2705 Theodotion
745 2661 811 2706 inter
824 2673 900 2705 novos
916 2662 940 2705 et

121 2736 218 2778 veteres
238 2733 331 2777 medius
352 2731 466 2777 incedat:
488 2732 522 2777 eit
541 2733 584 2778 illa
600 2744 660 2777 vera
677 2732 848 2787 interpretatio
867 2743 939 2786 quam

176 2859 335 2907 lesem-A
348 2857 461 2910 inscipit
474 2857 599 2901 Praefatio
611 2854 745 2902 siinsebii
759 2835 920 2908 Hieronymi
913 2867 938 2898 m

123 2913 236 2966 quattuor
249 2911 395 2964 Evangelia]
410 2911 451 2965 d&
479 2910 653 2955 rsseatisstmo
668 2909 714 2957 &A
742 2914 844 2960 2>me
857 2908 905 2952 tac.
920 2909 939 2961 a

122 2967 281 3020 epraesumt-
290 2966 314 3006 A
330 2971 360 3019 tt
369 2971 393 3008 21
431 2965 552 3008 rcanisc·
562 2965 586 3005 A
599 2962 732 3015 Hiemi&
768 2962 937 3064 {effugia

123 3025 225 3169 {iiii
226 2998 899 3120 {restititribueriensis]s
824 3067 883 3140 ιιι
883 3067 939 3109 ιι.ιι

141 3126 190 3170 otio
206 3123 252 3173 &A
306 3132 370 3168 at-
385 3125 478 3168 medius
492 3125 515 3163 A
531 3126 605 3175 (inette
623 3128 655 3170 rr)
838 3139 842 3142 ·

523 3201 579 3245 xln
