<?xml version="1.0" encoding="UTF-8"?>
<!DOCTYPE html PUBLIC "-//W3C//DTD XHTML 1.0 Transitional//EN"
    "http://www.w3.org/TR/xhtml1/DTD/xhtml1-transitional.dtd">
<html xmlns="http://www.w3.org/1999/xhtml" xml:lang="en" lang="en">
 <head>
  <title>
</title>
<meta http-equiv="Content-Type" content="text/html;charset=utf-8" />
  <meta name='ocr-system' content='tesseract 3.04.00' />
  <meta name='ocr-capabilities' content='ocr_page ocr_carea ocr_par ocr_line ocrx_word'/>
</head>
<body>
  <div class='ocr_page' id='page_1' title='image "./novumtestamentu01nestgoog_0627.png"; bbox 0 0 2275 3434; ppageno 0'>
   <div class='ocr_carea' id='block_1_1' title="bbox 290 141 914 213">
    <p class='ocr_par' dir='ltr' id='par_1_1' title="bbox 290 141 914 213">
     <span class='ocr_line' id='line_1_1' title="bbox 290 141 914 213; baseline 0 -15"><span class='ocrx_word' id='word_1_1' title='bbox 290 141 439 198; x_wconf 83' lang='lat' dir='ltr'>lOANNIS</span> <span class='ocrx_word' id='word_1_2' title='bbox 462 141 644 198; x_wconf 86' lang='lat' dir='ltr'>EPISTOLA</span> <span class='ocrx_word' id='word_1_3' title='bbox 666 143 686 197; x_wconf 91' lang='lat' dir='ltr'>l.</span> <span class='ocrx_word' id='word_1_4' title='bbox 762 144 914 213; x_wconf 78' lang='lat'>4,15-5,4.</span> 
     </span>
    </p>
   </div>
   <div class='ocr_carea' id='block_1_2' title="bbox 76 302 1065 2620">
    <p class='ocr_par' dir='ltr' id='par_1_2' title="bbox 111 302 860 360">
     <span class='ocr_line' id='line_1_2' title="bbox 111 302 860 360; baseline -0.001 -1"><span class='ocrx_word' id='word_1_5' title='bbox 111 305 200 360; x_wconf 89' lang='lat' dir='ltr'>Pater</span> <span class='ocrx_word' id='word_1_6' title='bbox 218 304 297 359; x_wconf 83' lang='lat' dir='ltr'><strong>misit</strong></span> <span class='ocrx_word' id='word_1_7' title='bbox 315 303 417 358; x_wconf 89' lang='lat' dir='ltr'>Filium</span> <span class='ocrx_word' id='word_1_8' title='bbox 442 320 525 357; x_wconf 90' lang='lat' dir='ltr'>suum</span> <span class='ocrx_word' id='word_1_9' title='bbox 549 302 729 358; x_wconf 86' lang='lat' dir='ltr'>Salvatorem</span> <span class='ocrx_word' id='word_1_10' title='bbox 753 304 860 359; x_wconf 87' lang='lat' dir='ltr'>mundi.</span> 
     </span>
    </p>

    <p class='ocr_par' dir='ltr' id='par_1_3' title="bbox 112 383 960 454">
     <span class='ocr_line' id='line_1_3' title="bbox 112 383 960 454; baseline -0.002 -15"><span class='ocrx_word' id='word_1_11' title='bbox 112 384 251 454; x_wconf 84' lang='lat' dir='ltr'><strong>Quisquis</strong></span> <span class='ocrx_word' id='word_1_12' title='bbox 270 384 421 439; x_wconf 82' lang='lat' dir='ltr'>confessus</span> <span class='ocrx_word' id='word_1_13' title='bbox 447 383 534 438; x_wconf 82' lang='lat' dir='ltr'>fuerit</span> <span class='ocrx_word' id='word_1_14' title='bbox 559 383 693 453; x_wconf 84' lang='lat' dir='ltr'>quoniam</span> <span class='ocrx_word' id='word_1_15' title='bbox 717 383 797 439; x_wconf 91' lang='lat' dir='ltr'>Iesus</span> <span class='ocrx_word' id='word_1_16' title='bbox 816 386 862 439; x_wconf 91' lang='lat' dir='ltr'>est</span> <span class='ocrx_word' id='word_1_17' title='bbox 882 386 915 440; x_wconf 81' lang='lat'>15</span> <span class='ocrx_word' id='word_1_18' title='bbox 925 407 960 446; x_wconf 67' lang='lat' dir='ltr'>rs.</span> 
     </span>
    </p>

    <p class='ocr_par' dir='ltr' id='par_1_4' title="bbox 112 464 860 533">
     <span class='ocr_line' id='line_1_4' title="bbox 112 464 860 533; baseline 0.001 -14"><span class='ocrx_word' id='word_1_19' title='bbox 112 465 202 519; x_wconf 84' lang='lat' dir='ltr'>Filius</span> <span class='ocrx_word' id='word_1_20' title='bbox 216 464 278 532; x_wconf 88' lang='lat' dir='ltr'>Dei,</span> <span class='ocrx_word' id='word_1_21' title='bbox 298 464 376 519; x_wconf 89' lang='lat' dir='ltr'>Deus</span> <span class='ocrx_word' id='word_1_22' title='bbox 396 464 425 518; x_wconf 88' lang='lat' dir='ltr'>in</span> <span class='ocrx_word' id='word_1_23' title='bbox 444 479 478 518; x_wconf 85' lang='lat' dir='ltr'>eo</span> <span class='ocrx_word' id='word_1_24' title='bbox 497 468 604 531; x_wconf 84' lang='lat' dir='ltr'>manet,</span> <span class='ocrx_word' id='word_1_25' title='bbox 623 467 653 519; x_wconf 91' lang='lat' dir='ltr'>et</span> <span class='ocrx_word' id='word_1_26' title='bbox 672 464 733 533; x_wconf 87' lang='lat' dir='ltr'>ipse</span> <span class='ocrx_word' id='word_1_27' title='bbox 748 464 777 518; x_wconf 88' lang='lat' dir='ltr'>iu</span> <span class='ocrx_word' id='word_1_28' title='bbox 791 465 860 520; x_wconf 88' lang='lat' dir='ltr'>Deo.</span> 
     </span>
    </p>

    <p class='ocr_par' dir='ltr' id='par_1_5' title="bbox 79 543 941 695">
     <span class='ocr_line' id='line_1_5' title="bbox 110 543 941 614; baseline 0 -14"><span class='ocrx_word' id='word_1_29' title='bbox 110 545 148 601; x_wconf 87' lang='lat' dir='ltr'>Et</span> <span class='ocrx_word' id='word_1_30' title='bbox 167 562 220 600; x_wconf 89' lang='lat' dir='ltr'>nos</span> <span class='ocrx_word' id='word_1_31' title='bbox 239 544 441 614; x_wconf 76' lang='lat' dir='ltr'>cognovimuS,</span> <span class='ocrx_word' id='word_1_32' title='bbox 468 547 498 599; x_wconf 84' lang='lat' dir='ltr'>et</span> <span class='ocrx_word' id='word_1_33' title='bbox 522 543 695 599; x_wconf 84' lang='lat' dir='ltr'>credidimus</span> <span class='ocrx_word' id='word_1_34' title='bbox 719 545 861 613; x_wconf 85' lang='lat' dir='ltr'>charitati,</span> <span class='ocrx_word' id='word_1_35' title='bbox 881 548 941 600; x_wconf 80' lang='lat' dir='ltr'>l6a</span> 
     </span>
     <span class='ocr_line' id='line_1_6' title="bbox 79 624 861 695; baseline 0.004 -19"><span class='ocrx_word' id='word_1_36' title='bbox 79 633 200 695; x_wconf 71' lang='lat' dir='ltr'>mquam</span> <span class='ocrx_word' id='word_1_37' title='bbox 218 625 307 680; x_wconf 89' lang='lat' dir='ltr'>habet</span> <span class='ocrx_word' id='word_1_38' title='bbox 327 625 405 679; x_wconf 90' lang='lat' dir='ltr'>Deus</span> <span class='ocrx_word' id='word_1_39' title='bbox 424 625 453 678; x_wconf 89' lang='lat' dir='ltr'>in</span> <span class='ocrx_word' id='word_1_40' title='bbox 472 625 564 680; x_wconf 91' lang='lat' dir='ltr'>nobis.</span> <span class='ocrx_word' id='word_1_41' title='bbox 609 624 715 679; x_wconf 82' lang='lat' dir='ltr'>*Deus</span> <span class='ocrx_word' id='word_1_42' title='bbox 734 625 861 680; x_wconf 79' lang='lat' dir='ltr'>charitas</span> 
     </span>
    </p>

    <p class='ocr_par' dir='ltr' id='par_1_6' title="bbox 111 704 861 775">
     <span class='ocr_line' id='line_1_7' title="bbox 111 704 861 775; baseline -0.001 -15"><span class='ocrx_word' id='word_1_43' title='bbox 111 709 171 760; x_wconf 91' lang='lat' dir='ltr'>est:</span> <span class='ocrx_word' id='word_1_44' title='bbox 191 709 221 760; x_wconf 90' lang='lat' dir='ltr'>et</span> <span class='ocrx_word' id='word_1_45' title='bbox 240 705 289 775; x_wconf 86' lang='lat' dir='ltr'>qui</span> <span class='ocrx_word' id='word_1_46' title='bbox 307 708 405 760; x_wconf 89' lang='lat' dir='ltr'>manet</span> <span class='ocrx_word' id='word_1_47' title='bbox 423 705 452 759; x_wconf 87' lang='lat' dir='ltr'>in</span> <span class='ocrx_word' id='word_1_48' title='bbox 467 704 617 772; x_wconf 80' lang='lat' dir='ltr'>charitate,</span> <span class='ocrx_word' id='word_1_49' title='bbox 635 704 665 759; x_wconf 91' lang='lat' dir='ltr'>in</span> <span class='ocrx_word' id='word_1_50' title='bbox 680 705 740 760; x_wconf 86' lang='lat' dir='ltr'>Deo</span> <span class='ocrx_word' id='word_1_51' title='bbox 755 709 861 773; x_wconf 88' lang='lat' dir='ltr'>manet,</span> 
     </span>
    </p>

    <p class='ocr_par' dir='ltr' id='par_1_7' title="bbox 112 785 972 855">
     <span class='ocr_line' id='line_1_8' title="bbox 112 785 972 855; baseline 0.001 -15"><span class='ocrx_word' id='word_1_52' title='bbox 112 790 142 840; x_wconf 88' lang='lat' dir='ltr'>et</span> <span class='ocrx_word' id='word_1_53' title='bbox 160 785 239 840; x_wconf 87' lang='lat' dir='ltr'>Deus</span> <span class='ocrx_word' id='word_1_54' title='bbox 257 785 287 839; x_wconf 90' lang='lat' dir='ltr'>in</span> <span class='ocrx_word' id='word_1_55' title='bbox 307 801 349 840; x_wconf 88' lang='lat' dir='ltr'>eo.</span> <span class='ocrx_word' id='word_1_56' title='bbox 385 785 417 839; x_wconf 93' lang='lat' dir='ltr'>In</span> <span class='ocrx_word' id='word_1_57' title='bbox 443 785 497 840; x_wconf 91' lang='lat' dir='ltr'>hoc</span> <span class='ocrx_word' id='word_1_58' title='bbox 515 786 647 855; x_wconf 88' lang='lat' dir='ltr'>perfecta</span> <span class='ocrx_word' id='word_1_59' title='bbox 672 786 717 840; x_wconf 90' lang='lat' dir='ltr'>est</span> <span class='ocrx_word' id='word_1_60' title='bbox 735 785 862 840; x_wconf 77' lang='lat' dir='ltr'>charitas</span> <span class='ocrx_word' id='word_1_61' title='bbox 882 789 914 840; x_wconf 87' lang='grc'>17</span> <span class='ocrx_word' id='word_1_62' title='bbox 925 810 972 849; x_wconf 66' lang='lat' dir='ltr'>aas.</span> 
     </span>
    </p>

    <p class='ocr_par' dir='ltr' id='par_1_8' title="bbox 111 864 862 933">
     <span class='ocr_line' id='line_1_9' title="bbox 111 864 862 933; baseline 0 -13"><span class='ocrx_word' id='word_1_63' title='bbox 111 866 165 921; x_wconf 88' lang='lat' dir='ltr'>Dei</span> <span class='ocrx_word' id='word_1_64' title='bbox 184 865 350 933; x_wconf 87' lang='lat' dir='ltr'>nobiscum,</span> <span class='ocrx_word' id='word_1_65' title='bbox 376 868 409 921; x_wconf 86' lang='lat' dir='ltr'>ut</span> <span class='ocrx_word' id='word_1_66' title='bbox 433 865 567 920; x_wconf 87' lang='lat' dir='ltr'>fiduciam</span> <span class='ocrx_word' id='word_1_67' title='bbox 590 864 749 920; x_wconf 88' lang='lat' dir='ltr'>habeamus</span> <span class='ocrx_word' id='word_1_68' title='bbox 767 865 797 920; x_wconf 88' lang='lat' dir='ltr'>in</span> <span class='ocrx_word' id='word_1_69' title='bbox 815 865 862 920; x_wconf 80' lang='lat' dir='ltr'>die</span> 
     </span>
    </p>

    <p class='ocr_par' dir='ltr' id='par_1_9' title="bbox 111 945 861 1015">
     <span class='ocr_line' id='line_1_10' title="bbox 111 945 861 1015; baseline 0.001 -15"><span class='ocrx_word' id='word_1_70' title='bbox 111 946 223 1001; x_wconf 88' lang='lat' dir='ltr'>iudicii:</span> <span class='ocrx_word' id='word_1_71' title='bbox 250 945 318 1015; x_wconf 87' lang='lat' dir='ltr'>quia</span> <span class='ocrx_word' id='word_1_72' title='bbox 344 945 420 1000; x_wconf 87' lang='lat' dir='ltr'>sicut</span> <span class='ocrx_word' id='word_1_73' title='bbox 444 946 490 1001; x_wconf 91' lang='lat' dir='ltr'>ille</span> <span class='ocrx_word' id='word_1_74' title='bbox 510 948 569 1014; x_wconf 88' lang='lat' dir='ltr'>est,</span> <span class='ocrx_word' id='word_1_75' title='bbox 594 949 624 1000; x_wconf 89' lang='lat' dir='ltr'>et</span> <span class='ocrx_word' id='word_1_76' title='bbox 641 962 694 1000; x_wconf 90' lang='lat' dir='ltr'>nos</span> <span class='ocrx_word' id='word_1_77' title='bbox 713 963 813 1001; x_wconf 91' lang='lat' dir='ltr'>sumus</span> <span class='ocrx_word' id='word_1_78' title='bbox 831 947 861 1001; x_wconf 91' lang='lat' dir='ltr'>in</span> 
     </span>
    </p>

    <p class='ocr_par' dir='ltr' id='par_1_10' title="bbox 111 1025 915 1081">
     <span class='ocr_line' id='line_1_11' title="bbox 111 1025 915 1081; baseline 0 0"><span class='ocrx_word' id='word_1_79' title='bbox 111 1027 166 1081; x_wconf 91' lang='lat' dir='ltr'>hoo</span> <span class='ocrx_word' id='word_1_80' title='bbox 184 1025 299 1081; x_wconf 90' lang='lat' dir='ltr'>mundo.</span> <span class='ocrx_word' id='word_1_81' title='bbox 328 1025 426 1081; x_wconf 88' lang='lat' dir='ltr'>Timor</span> <span class='ocrx_word' id='word_1_82' title='bbox 444 1043 501 1081; x_wconf 89' lang='lat' dir='ltr'>non</span> <span class='ocrx_word' id='word_1_83' title='bbox 521 1029 566 1080; x_wconf 91' lang='lat' dir='ltr'>est</span> <span class='ocrx_word' id='word_1_84' title='bbox 585 1026 615 1080; x_wconf 93' lang='lat' dir='ltr'>in</span> <span class='ocrx_word' id='word_1_85' title='bbox 633 1025 789 1081; x_wconf 82' lang='lat' dir='ltr'>charitate:</span> <span class='ocrx_word' id='word_1_86' title='bbox 809 1025 861 1080; x_wconf 89' lang='lat' dir='ltr'>sed</span> <span class='ocrx_word' id='word_1_87' title='bbox 881 1029 915 1081; x_wconf 87' lang='lat'>18</span> 
     </span>
    </p>

    <p class='ocr_par' dir='ltr' id='par_1_11' title="bbox 112 1105 941 1176">
     <span class='ocr_line' id='line_1_12' title="bbox 112 1105 941 1176; baseline 0 -15"><span class='ocrx_word' id='word_1_88' title='bbox 112 1106 242 1176; x_wconf 86' lang='lat' dir='ltr'>perlecta</span> <span class='ocrx_word' id='word_1_89' title='bbox 253 1105 378 1161; x_wconf 82' lang='lat' dir='ltr'>charitas</span> <span class='ocrx_word' id='word_1_90' title='bbox 389 1105 468 1161; x_wconf 85' lang='lat' dir='ltr'>foras</span> <span class='ocrx_word' id='word_1_91' title='bbox 478 1105 566 1161; x_wconf 89' lang='lat' dir='ltr'>mittit</span> <span class='ocrx_word' id='word_1_92' title='bbox 576 1106 716 1174; x_wconf 86' lang='lat' dir='ltr'>timorem,</span> <span class='ocrx_word' id='word_1_93' title='bbox 726 1106 860 1176; x_wconf 85' lang='lat' dir='ltr'>quoniam</span> <span class='ocrx_word' id='word_1_94' title='bbox 939 1127 941 1131; x_wconf 95' lang='lat'>·</span> 
     </span>
    </p>

    <p class='ocr_par' dir='ltr' id='par_1_12' title="bbox 111 1185 859 1257">
     <span class='ocr_line' id='line_1_13' title="bbox 111 1185 859 1257; baseline -0.003 -15"><span class='ocrx_word' id='word_1_95' title='bbox 111 1187 198 1243; x_wconf 90' lang='lat' dir='ltr'>timor</span> <span class='ocrx_word' id='word_1_96' title='bbox 215 1203 339 1257; x_wconf 88' lang='lat' dir='ltr'>poenam</span> <span class='ocrx_word' id='word_1_97' title='bbox 363 1185 459 1241; x_wconf 89' lang='lat' dir='ltr'>habet.</span> <span class='ocrx_word' id='word_1_98' title='bbox 497 1186 546 1256; x_wconf 89' lang='lat' dir='ltr'>qui</span> <span class='ocrx_word' id='word_1_99' title='bbox 570 1188 667 1241; x_wconf 89' lang='lat' dir='ltr'>autem</span> <span class='ocrx_word' id='word_1_100' title='bbox 686 1187 784 1254; x_wconf 86' lang='lat' dir='ltr'>timet,</span> <span class='ocrx_word' id='word_1_101' title='bbox 802 1203 859 1242; x_wconf 91' lang='lat' dir='ltr'>non</span> 
     </span>
    </p>

    <p class='ocr_par' dir='ltr' id='par_1_13' title="bbox 113 1267 952 1338">
     <span class='ocr_line' id='line_1_14' title="bbox 113 1267 952 1338; baseline 0.002 -16"><span class='ocrx_word' id='word_1_102' title='bbox 113 1271 158 1323; x_wconf 87' lang='grc' dir='ltr'>θεῖ</span> <span class='ocrx_word' id='word_1_103' title='bbox 176 1267 323 1337; x_wconf 86' lang='lat' dir='ltr'>perfectus</span> <span class='ocrx_word' id='word_1_104' title='bbox 342 1267 371 1321; x_wconf 92' lang='lat' dir='ltr'>in</span> <span class='ocrx_word' id='word_1_105' title='bbox 390 1267 538 1322; x_wconf 87' lang='lat' dir='ltr'>charitate.</span> <span class='ocrx_word' id='word_1_106' title='bbox 593 1267 652 1322; x_wconf 91' lang='lat' dir='ltr'>Nos</span> <span class='ocrx_word' id='word_1_107' title='bbox 673 1283 741 1337; x_wconf 87' lang='lat' dir='ltr'>ergo</span> <span class='ocrx_word' id='word_1_108' title='bbox 761 1267 860 1338; x_wconf 89' lang='lat' dir='ltr'>diliga-</span> <span class='ocrx_word' id='word_1_109' title='bbox 881 1270 913 1321; x_wconf 88' lang='grc'>19</span> <span class='ocrx_word' id='word_1_110' title='bbox 925 1291 952 1324; x_wconf 81' lang='grc' dir='ltr'>ιο.</span> 
     </span>
    </p>

    <p class='ocr_par' dir='ltr' id='par_1_14' title="bbox 111 1347 858 1417">
     <span class='ocr_line' id='line_1_15' title="bbox 111 1347 858 1417; baseline 0.001 -15"><span class='ocrx_word' id='word_1_111' title='bbox 111 1365 176 1402; x_wconf 89' lang='lat' dir='ltr'>mus</span> <span class='ocrx_word' id='word_1_112' title='bbox 195 1347 303 1415; x_wconf 86' lang='lat' dir='ltr'>Deum,</span> <span class='ocrx_word' id='word_1_113' title='bbox 327 1347 461 1416; x_wconf 89' lang='lat' dir='ltr'>quoniam</span> <span class='ocrx_word' id='word_1_114' title='bbox 480 1347 559 1402; x_wconf 91' lang='lat' dir='ltr'>Deus</span> <span class='ocrx_word' id='word_1_115' title='bbox 577 1348 655 1417; x_wconf 87' lang='lat' dir='ltr'>prior</span> <span class='ocrx_word' id='word_1_116' title='bbox 673 1347 772 1403; x_wconf 87' lang='lat' dir='ltr'>dilexit</span> <span class='ocrx_word' id='word_1_117' title='bbox 797 1365 858 1403; x_wconf 76' lang='lat' dir='ltr'>nos,</span> 
     </span>
    </p>

    <p class='ocr_par' dir='ltr' id='par_1_15' title="bbox 113 1427 959 1498">
     <span class='ocr_line' id='line_1_16' title="bbox 113 1427 959 1498; baseline 0.001 -15"><span class='ocrx_word' id='word_1_118' title='bbox 113 1427 144 1483; x_wconf 89' lang='lat' dir='ltr'>Si</span> <span class='ocrx_word' id='word_1_119' title='bbox 163 1427 227 1497; x_wconf 89' lang='lat' dir='ltr'>quis</span> <span class='ocrx_word' id='word_1_120' title='bbox 247 1427 350 1482; x_wconf 86' lang='lat' dir='ltr'>dixerit</span> <span class='ocrx_word' id='word_1_121' title='bbox 368 1428 503 1498; x_wconf 88' lang='lat' dir='ltr'>quoniam</span> <span class='ocrx_word' id='word_1_122' title='bbox 522 1427 608 1498; x_wconf 87' lang='lat' dir='ltr'>diligo</span> <span class='ocrx_word' id='word_1_123' title='bbox 627 1428 736 1496; x_wconf 85' lang='lat' dir='ltr'>Deum,</span> <span class='ocrx_word' id='word_1_124' title='bbox 755 1432 784 1484; x_wconf 89' lang='lat' dir='ltr'>et</span> <span class='ocrx_word' id='word_1_125' title='bbox 803 1429 860 1483; x_wconf 84' lang='lat' dir='ltr'>fra·</span> <span class='ocrx_word' id='word_1_126' title='bbox 878 1431 959 1494; x_wconf 75' lang='lat'>202,4.</span> 
     </span>
    </p>

    <p class='ocr_par' dir='ltr' id='par_1_16' title="bbox 111 1507 860 1579">
     <span class='ocr_line' id='line_1_17' title="bbox 111 1507 860 1579; baseline 0.003 -17"><span class='ocrx_word' id='word_1_127' title='bbox 111 1512 185 1563; x_wconf 90' lang='lat' dir='ltr'>trem</span> <span class='ocrx_word' id='word_1_128' title='bbox 214 1525 297 1562; x_wconf 90' lang='lat' dir='ltr'>suum</span> <span class='ocrx_word' id='word_1_129' title='bbox 325 1507 433 1576; x_wconf 89' lang='lat' dir='ltr'>oderit,</span> <span class='ocrx_word' id='word_1_130' title='bbox 458 1508 582 1564; x_wconf 88' lang='lat' dir='ltr'>mendax</span> <span class='ocrx_word' id='word_1_131' title='bbox 607 1513 661 1564; x_wconf 88' lang='lat' dir='ltr'>est.</span> <span class='ocrx_word' id='word_1_132' title='bbox 704 1509 759 1579; x_wconf 86' lang='lat' dir='ltr'>Qui</span> <span class='ocrx_word' id='word_1_133' title='bbox 784 1509 860 1564; x_wconf 89' lang='lat' dir='ltr'>enim</span> 
     </span>
    </p>

    <p class='ocr_par' dir='ltr' id='par_1_17' title="bbox 111 1587 859 1658">
     <span class='ocr_line' id='line_1_18' title="bbox 111 1587 859 1658; baseline 0 -16"><span class='ocrx_word' id='word_1_134' title='bbox 111 1605 169 1643; x_wconf 89' lang='lat' dir='ltr'>non</span> <span class='ocrx_word' id='word_1_135' title='bbox 188 1587 281 1657; x_wconf 85' lang='lat' dir='ltr'>diligit</span> <span class='ocrx_word' id='word_1_136' title='bbox 300 1588 419 1643; x_wconf 87' lang='lat' dir='ltr'>fratrem</span> <span class='ocrx_word' id='word_1_137' title='bbox 438 1605 521 1643; x_wconf 90' lang='lat' dir='ltr'>suum</span> <span class='ocrx_word' id='word_1_138' title='bbox 541 1605 626 1658; x_wconf 88' lang='lat' dir='ltr'>quem</span> <span class='ocrx_word' id='word_1_139' title='bbox 644 1588 739 1656; x_wconf 85' lang='lat' dir='ltr'>videt,</span> <span class='ocrx_word' id='word_1_140' title='bbox 757 1588 859 1656; x_wconf 89' lang='lat' dir='ltr'>Deum,</span> 
     </span>
    </p>

    <p class='ocr_par' dir='ltr' id='par_1_18' title="bbox 112 1668 1062 1739">
     <span class='ocr_line' id='line_1_19' title="bbox 112 1668 1062 1739; baseline 0.002 -16"><span class='ocrx_word' id='word_1_141' title='bbox 112 1685 197 1738; x_wconf 90' lang='lat' dir='ltr'>quem</span> <span class='ocrx_word' id='word_1_142' title='bbox 216 1673 273 1724; x_wconf 86' lang='lat' dir='ltr'>non</span> <span class='ocrx_word' id='word_1_143' title='bbox 287 1668 374 1736; x_wconf 84' lang='lat' dir='ltr'>videt,</span> <span class='ocrx_word' id='word_1_144' title='bbox 394 1668 535 1737; x_wconf 90' lang='lat' dir='ltr'>quomodo</span> <span class='ocrx_word' id='word_1_145' title='bbox 549 1672 647 1739; x_wconf 86' lang='lat' dir='ltr'>potest</span> <span class='ocrx_word' id='word_1_146' title='bbox 660 1668 797 1738; x_wconf 88' lang='lat' dir='ltr'>diligere?</span> <span class='ocrx_word' id='word_1_147' title='bbox 822 1668 860 1724; x_wconf 86' lang='lat' dir='ltr'>Et</span> <span class='ocrx_word' id='word_1_148' title='bbox 877 1670 910 1722; x_wconf 81' lang='lat'>21</span> <span class='ocrx_word' id='word_1_149' title='bbox 923 1691 953 1725; x_wconf 66' lang='lat' dir='ltr'>ire</span> <span class='ocrx_word' id='word_1_150' title='bbox 965 1674 1062 1734; x_wconf 70' lang='lat' dir='ltr'>rasi-a.</span> 
     </span>
    </p>

    <p class='ocr_par' dir='ltr' id='par_1_19' title="bbox 112 1748 860 1818">
     <span class='ocr_line' id='line_1_20' title="bbox 112 1748 860 1818; baseline 0.001 -15"><span class='ocrx_word' id='word_1_151' title='bbox 112 1749 167 1803; x_wconf 91' lang='lat' dir='ltr'>hoc</span> <span class='ocrx_word' id='word_1_152' title='bbox 184 1748 352 1803; x_wconf 86' lang='lat' dir='ltr'>mandatum</span> <span class='ocrx_word' id='word_1_153' title='bbox 365 1748 504 1802; x_wconf 90' lang='lat' dir='ltr'>habemus</span> <span class='ocrx_word' id='word_1_154' title='bbox 520 1765 537 1802; x_wconf 87' lang='lat' dir='ltr'>a</span> <span class='ocrx_word' id='word_1_155' title='bbox 554 1748 629 1803; x_wconf 86' lang='lat' dir='ltr'>Deo:</span> <span class='ocrx_word' id='word_1_156' title='bbox 648 1751 681 1804; x_wconf 90' lang='lat' dir='ltr'>ut</span> <span class='ocrx_word' id='word_1_157' title='bbox 700 1749 748 1818; x_wconf 90' lang='lat' dir='ltr'>qui</span> <span class='ocrx_word' id='word_1_158' title='bbox 767 1748 860 1818; x_wconf 85' lang='lat' dir='ltr'>diligit</span> 
     </span>
    </p>

    <p class='ocr_par' dir='ltr' id='par_1_20' title="bbox 112 1828 631 1902">
     <span class='ocr_line' id='line_1_21' title="bbox 112 1828 631 1902; baseline 0 -19"><span class='ocrx_word' id='word_1_159' title='bbox 112 1829 213 1896; x_wconf 87' lang='lat' dir='ltr'>Deum,</span> <span class='ocrx_word' id='word_1_160' title='bbox 232 1828 333 1898; x_wconf 87' lang='lat' dir='ltr'>diligat</span> <span class='ocrx_word' id='word_1_161' title='bbox 352 1831 381 1884; x_wconf 86' lang='lat' dir='ltr'>et</span> <span class='ocrx_word' id='word_1_162' title='bbox 400 1828 519 1883; x_wconf 86' lang='lat' dir='ltr'>fratrem</span> <span class='ocrx_word' id='word_1_163' title='bbox 531 1845 631 1902; x_wconf 81' lang='lat' dir='ltr'>suum.</span> 
     </span>
    </p>

    <p class='ocr_par' dir='ltr' id='par_1_21' title="bbox 76 1899 1065 2620">
     <span class='ocr_line' id='line_1_22' title="bbox 76 1899 999 1978; baseline 0.005 -18"><span class='ocrx_word' id='word_1_164' title='bbox 76 1917 102 1960; x_wconf 77' lang='lat'>17</span> <span class='ocrx_word' id='word_1_165' title='bbox 184 1908 293 1977; x_wconf 79' lang='lat' dir='ltr'>OmniS,</span> <span class='ocrx_word' id='word_1_166' title='bbox 303 1909 352 1978; x_wconf 90' lang='lat' dir='ltr'>qui</span> <span class='ocrx_word' id='word_1_167' title='bbox 366 1908 465 1976; x_wconf 90' lang='lat' dir='ltr'>credit,</span> <span class='ocrx_word' id='word_1_168' title='bbox 476 1908 611 1978; x_wconf 88' lang='lat' dir='ltr'>quoniam</span> <span class='ocrx_word' id='word_1_169' title='bbox 625 1908 705 1963; x_wconf 88' lang='lat' dir='ltr'>lesus</span> <span class='ocrx_word' id='word_1_170' title='bbox 720 1912 765 1964; x_wconf 89' lang='lat' dir='ltr'>est</span> <span class='ocrx_word' id='word_1_171' title='bbox 780 1908 859 1964; x_wconf 87' lang='lat' dir='ltr'>Chri·</span> <span class='ocrx_word' id='word_1_172' title='bbox 878 1899 899 1972; x_wconf 78' lang='grc'>5</span> <span class='ocrx_word' id='word_1_173' title='bbox 922 1934 999 1973; x_wconf 59' lang='lat' dir='ltr'>arao.</span> 
     </span>
     <span class='ocr_line' id='line_1_23' title="bbox 112 1977 1047 2064; baseline 0.002 -20"><span class='ocrx_word' id='word_1_174' title='bbox 112 1993 185 2057; x_wconf 80' lang='grc' dir='ltr'>εῖιιε,</span> <span class='ocrx_word' id='word_1_175' title='bbox 204 2005 240 2044; x_wconf 88' lang='lat' dir='ltr'>ex</span> <span class='ocrx_word' id='word_1_176' title='bbox 254 1989 315 2044; x_wconf 89' lang='lat' dir='ltr'>Deo</span> <span class='ocrx_word' id='word_1_177' title='bbox 334 1992 421 2044; x_wconf 89' lang='lat' dir='ltr'>natus</span> <span class='ocrx_word' id='word_1_178' title='bbox 440 1992 493 2043; x_wconf 90' lang='lat' dir='ltr'>est.</span> <span class='ocrx_word' id='word_1_179' title='bbox 522 1989 559 2044; x_wconf 81' lang='grc' dir='ltr'>Εῖ</span> <span class='ocrx_word' id='word_1_180' title='bbox 578 1989 680 2056; x_wconf 90' lang='lat' dir='ltr'>omnis,</span> <span class='ocrx_word' id='word_1_181' title='bbox 699 1989 748 2059; x_wconf 87' lang='lat' dir='ltr'>qui</span> <span class='ocrx_word' id='word_1_182' title='bbox 767 1989 860 2060; x_wconf 83' lang='lat' dir='ltr'>diligit</span> <span class='ocrx_word' id='word_1_183' title='bbox 922 1977 1047 2064; x_wconf 68' lang='lat' dir='ltr'>ii,r¹i.⁹²&#39;²⁸&#39;</span> 
     </span>
     <span class='ocr_line' id='line_1_24' title="bbox 112 2068 860 2140; baseline 0.001 -16"><span class='ocrx_word' id='word_1_184' title='bbox 112 2087 177 2125; x_wconf 91' lang='lat' dir='ltr'>eum</span> <span class='ocrx_word' id='word_1_185' title='bbox 196 2070 245 2139; x_wconf 88' lang='lat' dir='ltr'>qui</span> <span class='ocrx_word' id='word_1_186' title='bbox 263 2070 378 2140; x_wconf 87' lang='lat' dir='ltr'>genuit,</span> <span class='ocrx_word' id='word_1_187' title='bbox 397 2068 490 2138; x_wconf 85' lang='lat' dir='ltr'>diligit</span> <span class='ocrx_word' id='word_1_188' title='bbox 508 2072 538 2124; x_wconf 90' lang='lat' dir='ltr'>et</span> <span class='ocrx_word' id='word_1_189' title='bbox 557 2085 622 2124; x_wconf 88' lang='lat' dir='ltr'>eum</span> <span class='ocrx_word' id='word_1_190' title='bbox 641 2069 690 2138; x_wconf 89' lang='lat' dir='ltr'>qui</span> <span class='ocrx_word' id='word_1_191' title='bbox 708 2071 796 2124; x_wconf 89' lang='lat' dir='ltr'>natus</span> <span class='ocrx_word' id='word_1_192' title='bbox 815 2074 860 2125; x_wconf 88' lang='lat' dir='ltr'>est</span> 
     </span>
     <span class='ocr_line' id='line_1_25' title="bbox 112 2149 896 2220; baseline -0.003 -15"><span class='ocrx_word' id='word_1_193' title='bbox 112 2167 148 2205; x_wconf 83' lang='lat' dir='ltr'>ex</span> <span class='ocrx_word' id='word_1_194' title='bbox 167 2167 209 2205; x_wconf 88' lang='lat' dir='ltr'>eo.</span> <span class='ocrx_word' id='word_1_195' title='bbox 246 2151 277 2205; x_wconf 88' lang='lat' dir='ltr'>In</span> <span class='ocrx_word' id='word_1_196' title='bbox 302 2149 357 2206; x_wconf 90' lang='lat' dir='ltr'>hoc</span> <span class='ocrx_word' id='word_1_197' title='bbox 381 2149 581 2219; x_wconf 83' lang='lat' dir='ltr'>cognoscimus</span> <span class='ocrx_word' id='word_1_198' title='bbox 606 2150 741 2220; x_wconf 90' lang='lat' dir='ltr'>quoniam</span> <span class='ocrx_word' id='word_1_199' title='bbox 769 2149 896 2220; x_wconf 77' lang='lat' dir='ltr'>diligi-a</span> 
     </span>
     <span class='ocr_line' id='line_1_26' title="bbox 111 2229 860 2299; baseline -0.001 -13"><span class='ocrx_word' id='word_1_200' title='bbox 111 2247 176 2286; x_wconf 90' lang='lat' dir='ltr'>mus</span> <span class='ocrx_word' id='word_1_201' title='bbox 190 2233 274 2286; x_wconf 88' lang='lat' dir='ltr'>natos</span> <span class='ocrx_word' id='word_1_202' title='bbox 289 2230 351 2298; x_wconf 87' lang='lat' dir='ltr'>Dei,</span> <span class='ocrx_word' id='word_1_203' title='bbox 371 2247 436 2284; x_wconf 90' lang='lat' dir='ltr'>cum</span> <span class='ocrx_word' id='word_1_204' title='bbox 450 2229 540 2284; x_wconf 86' lang='lat' dir='ltr'>Deum</span> <span class='ocrx_word' id='word_1_205' title='bbox 557 2229 718 2299; x_wconf 85' lang='lat' dir='ltr'>diligamus,</span> <span class='ocrx_word' id='word_1_206' title='bbox 738 2233 767 2285; x_wconf 93' lang='lat' dir='ltr'>et</span> <span class='ocrx_word' id='word_1_207' title='bbox 781 2248 860 2286; x_wconf 89' lang='lat' dir='ltr'>man-</span> 
     </span>
     <span class='ocr_line' id='line_1_27' title="bbox 111 2309 1065 2371; baseline -0.002 -5"><span class='ocrx_word' id='word_1_208' title='bbox 111 2311 181 2366; x_wconf 86' lang='lat' dir='ltr'>data</span> <span class='ocrx_word' id='word_1_209' title='bbox 200 2310 261 2366; x_wconf 90' lang='lat' dir='ltr'>eius</span> <span class='ocrx_word' id='word_1_210' title='bbox 281 2310 430 2365; x_wconf 88' lang='lat' dir='ltr'>faciamus.</span> <span class='ocrx_word' id='word_1_211' title='bbox 467 2309 546 2365; x_wconf 88' lang='lat' dir='ltr'>Haeo</span> <span class='ocrx_word' id='word_1_212' title='bbox 570 2313 616 2365; x_wconf 87' lang='lat' dir='ltr'>est</span> <span class='ocrx_word' id='word_1_213' title='bbox 639 2311 714 2365; x_wconf 91' lang='lat' dir='ltr'>enim</span> <span class='ocrx_word' id='word_1_214' title='bbox 733 2311 859 2366; x_wconf 87' lang='lat' dir='ltr'>charitas</span> <span class='ocrx_word' id='word_1_215' title='bbox 879 2314 895 2364; x_wconf 81' lang='lat'>3</span> <span class='ocrx_word' id='word_1_216' title='bbox 922 2331 1065 2371; x_wconf 61' lang='lat' dir='ltr'>massari.</span> 
     </span>
     <span class='ocr_line' id='line_1_28' title="bbox 110 2377 1033 2460; baseline 0.001 -15"><span class='ocrx_word' id='word_1_217' title='bbox 110 2391 174 2460; x_wconf 84' lang='lat' dir='ltr'>Dei,</span> <span class='ocrx_word' id='word_1_218' title='bbox 189 2394 221 2446; x_wconf 90' lang='lat' dir='ltr'>ut</span> <span class='ocrx_word' id='word_1_219' title='bbox 231 2389 369 2445; x_wconf 88' lang='lat' dir='ltr'>mandata</span> <span class='ocrx_word' id='word_1_220' title='bbox 379 2391 440 2446; x_wconf 89' lang='lat' dir='ltr'>eius</span> <span class='ocrx_word' id='word_1_221' title='bbox 455 2391 663 2446; x_wconf 87' lang='lat' dir='ltr'>custodiamus:</span> <span class='ocrx_word' id='word_1_222' title='bbox 679 2393 708 2446; x_wconf 92' lang='lat' dir='ltr'>et</span> <span class='ocrx_word' id='word_1_223' title='bbox 722 2391 860 2446; x_wconf 88' lang='lat' dir='ltr'>mandata</span> <span class='ocrx_word' id='word_1_224' title='bbox 923 2377 952 2411; x_wconf 55' lang='grc' dir='ltr'>Μ’</span> <span class='ocrx_word' id='word_1_225' title='bbox 962 2377 1033 2445; x_wconf 70' lang='lat'>¹¹&#39;⁰⁰‘.</span> 
     </span>
     <span class='ocr_line' id='line_1_29' title="bbox 111 2470 1006 2541; baseline 0 -15"><span class='ocrx_word' id='word_1_226' title='bbox 111 2471 173 2526; x_wconf 88' lang='lat' dir='ltr'>eius</span> <span class='ocrx_word' id='word_1_227' title='bbox 191 2471 291 2540; x_wconf 87' lang='lat' dir='ltr'>gravia</span> <span class='ocrx_word' id='word_1_228' title='bbox 309 2488 366 2526; x_wconf 93' lang='lat' dir='ltr'>non</span> <span class='ocrx_word' id='word_1_229' title='bbox 385 2474 462 2526; x_wconf 87' lang='lat' dir='ltr'>sunt.</span> <span class='ocrx_word' id='word_1_230' title='bbox 499 2470 641 2541; x_wconf 87' lang='lat' dir='ltr'>Quoniam</span> <span class='ocrx_word' id='word_1_231' title='bbox 660 2487 759 2539; x_wconf 90' lang='lat' dir='ltr'>omne,</span> <span class='ocrx_word' id='word_1_232' title='bbox 783 2472 860 2541; x_wconf 90' lang='lat' dir='ltr'>quod</span> <span class='ocrx_word' id='word_1_233' title='bbox 877 2475 896 2526; x_wconf 83' lang='lat'>4</span> <span class='ocrx_word' id='word_1_234' title='bbox 922 2491 1006 2535; x_wconf 69' lang='lat' dir='ltr'>rom.</span> 
     </span>
     <span class='ocr_line' id='line_1_30' title="bbox 110 2551 860 2620; baseline 0.001 -14"><span class='ocrx_word' id='word_1_235' title='bbox 110 2555 212 2607; x_wconf 89' lang='lat' dir='ltr'>natum</span> <span class='ocrx_word' id='word_1_236' title='bbox 231 2554 330 2606; x_wconf 86' lang='lat' dir='ltr'>estex</span> <span class='ocrx_word' id='word_1_237' title='bbox 348 2551 425 2620; x_wconf 88' lang='lat' dir='ltr'>Deo,</span> <span class='ocrx_word' id='word_1_238' title='bbox 450 2551 540 2606; x_wconf 88' lang='lat' dir='ltr'>vincit</span> <span class='ocrx_word' id='word_1_239' title='bbox 562 2552 715 2606; x_wconf 89' lang='lat' dir='ltr'>mundum:</span> <span class='ocrx_word' id='word_1_240' title='bbox 741 2553 860 2608; x_wconf 87' lang='lat' dir='ltr'>ethaeo</span> 
     </span>
    </p>
   </div>
   <div class='ocr_carea' id='block_1_3' title="bbox 111 2685 859 3169">
    <p class='ocr_par' dir='ltr' id='par_1_22' title="bbox 164 2685 620 2738">
     <span class='ocr_line' id='line_1_31' title="bbox 164 2685 620 2738; baseline -0.004 -10"><span class='ocrx_word' id='word_1_241' title='bbox 164 2691 191 2729; x_wconf 76' lang='lat'>14</span> <span class='ocrx_word' id='word_1_242' title='bbox 206 2706 229 2718; x_wconf 92' lang='lat'>-</span> <span class='ocrx_word' id='word_1_243' title='bbox 245 2696 315 2730; x_wconf 86' lang='lat' dir='ltr'>suum</span> <span class='ocrx_word' id='word_1_244' title='bbox 395 2692 422 2730; x_wconf 77' lang='lat'>16</span> <span class='ocrx_word' id='word_1_245' title='bbox 437 2685 583 2738; x_wconf 78' lang='lat' dir='ltr'>Quicumque</span> <span class='ocrx_word' id='word_1_246' title='bbox 596 2686 620 2726; x_wconf 82' lang='grc' dir='ltr'><strong><em>Α</em></strong></span> 
     </span>
    </p>

    <p class='ocr_par' dir='ltr' id='par_1_23' title="bbox 164 2738 859 2793">
     <span class='ocr_line' id='line_1_32' title="bbox 164 2738 859 2793; baseline 0.003 -12"><span class='ocrx_word' id='word_1_247' title='bbox 164 2745 191 2782; x_wconf 77' lang='lat'>1⁶</span> <span class='ocrx_word' id='word_1_248' title='bbox 205 2743 301 2791; x_wconf 85' lang='lat' dir='ltr'>(-nos)</span> <span class='ocrx_word' id='word_1_249' title='bbox 314 2741 318 2793; x_wconf 84' lang='grc' dir='ltr'>Ι</span> <span class='ocrx_word' id='word_1_250' title='bbox 330 2739 448 2784; x_wconf 80' lang='lat' dir='ltr'>credimus</span> <span class='ocrx_word' id='word_1_251' title='bbox 458 2740 496 2792; x_wconf 73' lang='lat' dir='ltr'>Al</span> <span class='ocrx_word' id='word_1_252' title='bbox 510 2760 534 2772; x_wconf 91' lang='lat'><em>-</em></span> <span class='ocrx_word' id='word_1_253' title='bbox 542 2741 568 2782; x_wconf 81' lang='lat' dir='ltr'>et</span> <span class='ocrx_word' id='word_1_254' title='bbox 577 2738 641 2781; x_wconf 68' lang='grc' dir='ltr'><strong>Μ</strong></span> <span class='ocrx_word' id='word_1_255' title='bbox 654 2741 657 2791; x_wconf 93' lang='grc' dir='ltr'>Ι</span> <span class='ocrx_word' id='word_1_256' title='bbox 669 2739 767 2784; x_wconf 83' lang='lat' dir='ltr'>caritati</span> <span class='ocrx_word' id='word_1_257' title='bbox 778 2739 816 2784; x_wconf 79' lang='lat' dir='ltr'>dci</span> <span class='ocrx_word' id='word_1_258' title='bbox 824 2740 859 2783; x_wconf 64' lang='grc' dir='ltr'>Αἱ</span> 
     </span>
    </p>

    <p class='ocr_par' dir='ltr' id='par_1_24' title="bbox 111 2792 848 2898">
     <span class='ocr_line' id='line_1_33' title="bbox 165 2792 848 2848; baseline 0.006 -14"><span class='ocrx_word' id='word_1_259' title='bbox 165 2799 189 2834; x_wconf 84' lang='lat'>17</span> <span class='ocrx_word' id='word_1_260' title='bbox 204 2792 283 2836; x_wconf 85' lang='lat' dir='ltr'>-Dei</span> <span class='ocrx_word' id='word_1_261' title='bbox 303 2795 306 2842; x_wconf 77' lang='lat' dir='ltr'>l</span> <span class='ocrx_word' id='word_1_262' title='bbox 329 2792 458 2844; x_wconf 77' lang='lat' dir='ltr'>&gt;natiso</span> <span class='ocrx_word' id='word_1_263' title='bbox 473 2804 523 2837; x_wconf 83' lang='lat' dir='ltr'>car.</span> <span class='ocrx_word' id='word_1_264' title='bbox 538 2795 563 2836; x_wconf 74' lang='lat' dir='ltr'><strong><em>A</em></strong></span> <span class='ocrx_word' id='word_1_265' title='bbox 585 2792 589 2847; x_wconf 91' lang='grc' dir='ltr'>Ι</span> <span class='ocrx_word' id='word_1_266' title='bbox 610 2792 822 2845; x_wconf 62' lang='lat' dir='ltr'>autumnitate]</span> <span class='ocrx_word' id='word_1_267' title='bbox 844 2798 848 2848; x_wconf 75' lang='grc' dir='ltr'><em>ι</em></span> 
     </span>
     <span class='ocr_line' id='line_1_34' title="bbox 111 2845 404 2898; baseline -0.01 -8"><span class='ocrx_word' id='word_1_268' title='bbox 111 2845 206 2898; x_wconf 88' lang='lat' dir='ltr'>(simus)</span> <span class='ocrx_word' id='word_1_269' title='bbox 288 2853 314 2889; x_wconf 84' lang='lat'>18</span> <span class='ocrx_word' id='word_1_270' title='bbox 328 2846 404 2898; x_wconf 76' lang='lat' dir='ltr'>(torisi</span> 
     </span>
    </p>

    <p class='ocr_par' dir='ltr' id='par_1_25' title="bbox 164 2899 580 2953">
     <span class='ocr_line' id='line_1_35' title="bbox 164 2899 580 2953; baseline -0.002 -12"><span class='ocrx_word' id='word_1_271' title='bbox 164 2905 189 2942; x_wconf 80' lang='lat'>19</span> <span class='ocrx_word' id='word_1_272' title='bbox 205 2919 228 2932; x_wconf 90' lang='lat'>-</span> <span class='ocrx_word' id='word_1_273' title='bbox 243 2899 318 2942; x_wconf 84' lang='lat' dir='ltr'>Deum</span> <span class='ocrx_word' id='word_1_274' title='bbox 333 2899 420 2953; x_wconf 60' lang='grc' dir='ltr'>[ΜΕ</span> <span class='ocrx_word' id='word_1_275' title='bbox 438 2899 541 2944; x_wconf 85' lang='lat' dir='ltr'>invicem</span> <span class='ocrx_word' id='word_1_276' title='bbox 556 2900 580 2940; x_wconf 76' lang='lat' dir='ltr'><strong><em>A</em></strong></span> 
     </span>
    </p>

    <p class='ocr_par' dir='ltr' id='par_1_26' title="bbox 164 2953 564 3006">
     <span class='ocr_line' id='line_1_36' title="bbox 164 2953 564 3006; baseline 0.003 -11"><span class='ocrx_word' id='word_1_277' title='bbox 164 2958 191 2995; x_wconf 83' lang='lat'>20</span> <span class='ocrx_word' id='word_1_278' title='bbox 205 2954 252 3002; x_wconf 82' lang='lat' dir='ltr'>(on.</span> <span class='ocrx_word' id='word_1_279' title='bbox 267 2956 276 3002; x_wconf 94' lang='grc'>]</span> <span class='ocrx_word' id='word_1_280' title='bbox 291 2954 380 3005; x_wconf 76' lang='lat' dir='ltr'>autam)</span> <span class='ocrx_word' id='word_1_281' title='bbox 406 2954 410 3006; x_wconf 92' lang='grc' dir='ltr'>Ι</span> <span class='ocrx_word' id='word_1_282' title='bbox 435 2953 506 3005; x_wconf 84' lang='lat' dir='ltr'>(vidit</span> <span class='ocrx_word' id='word_1_283' title='bbox 523 2955 564 3006; x_wconf 74' lang='lat' dir='ltr'>oto)</span> 
     </span>
    </p>

    <p class='ocr_par' dir='ltr' id='par_1_27' title="bbox 164 3005 495 3059">
     <span class='ocr_line' id='line_1_37' title="bbox 164 3005 495 3059; baseline 0 -11"><span class='ocrx_word' id='word_1_284' title='bbox 164 3005 339 3059; x_wconf 64' lang='lat' dir='ltr'>arabeoss</span> <span class='ocrx_word' id='word_1_285' title='bbox 361 3009 365 3058; x_wconf 91' lang='grc' dir='ltr'>Ι</span> <span class='ocrx_word' id='word_1_286' title='bbox 391 3009 495 3050; x_wconf 78' lang='lat' dir='ltr'>-otF</span> 
     </span>
    </p>

    <p class='ocr_par' dir='ltr' id='par_1_28' title="bbox 165 3059 766 3116">
     <span class='ocr_line' id='line_1_38' title="bbox 165 3059 766 3116; baseline 0.008 -17"><span class='ocrx_word' id='word_1_287' title='bbox 165 3059 203 3114; x_wconf 81' lang='lat'>5,1</span> <span class='ocrx_word' id='word_1_288' title='bbox 219 3080 242 3091; x_wconf 95' lang='lat'>-</span> <span class='ocrx_word' id='word_1_289' title='bbox 258 3059 351 3113; x_wconf 83' lang='lat' dir='ltr'>genuit,</span> <span class='ocrx_word' id='word_1_290' title='bbox 366 3059 407 3103; x_wconf 88' lang='lat' dir='ltr'>dil.</span> <span class='ocrx_word' id='word_1_291' title='bbox 423 3061 515 3104; x_wconf 86' lang='lat' dir='ltr'>etcum</span> <span class='ocrx_word' id='word_1_292' title='bbox 530 3061 569 3116; x_wconf 87' lang='lat' dir='ltr'>qui</span> <span class='ocrx_word' id='word_1_293' title='bbox 584 3062 610 3102; x_wconf 78' lang='lat' dir='ltr'><strong><em>F</em></strong></span> <span class='ocrx_word' id='word_1_294' title='bbox 632 3062 636 3111; x_wconf 86' lang='grc' dir='ltr'>Ι</span> <span class='ocrx_word' id='word_1_295' title='bbox 662 3083 685 3094; x_wconf 98' lang='grc'><strong>-</strong></span> <span class='ocrx_word' id='word_1_296' title='bbox 701 3060 766 3104; x_wconf 73' lang='lat' dir='ltr'>ot2⁰</span> 
     </span>
    </p>

    <p class='ocr_par' dir='ltr' id='par_1_29' title="bbox 164 3113 829 3169">
     <span class='ocr_line' id='line_1_39' title="bbox 164 3113 829 3169; baseline 0.003 -12"><span class='ocrx_word' id='word_1_297' title='bbox 164 3113 262 3157; x_wconf 72' lang='lat' dir='ltr'>anctus</span> <span class='ocrx_word' id='word_1_298' title='bbox 277 3114 313 3153; x_wconf 56' lang='grc' dir='ltr'>ΕΙ</span> <span class='ocrx_word' id='word_1_299' title='bbox 338 3113 342 3167; x_wconf 81' lang='grc' dir='ltr'>ι</span> <span class='ocrx_word' id='word_1_300' title='bbox 368 3113 421 3169; x_wconf 86' lang='lat' dir='ltr'>deo,</span> <span class='ocrx_word' id='word_1_301' title='bbox 436 3115 529 3164; x_wconf 63' lang='lat' dir='ltr'><em>Aah.)</em></span> <span class='ocrx_word' id='word_1_302' title='bbox 584 3114 671 3160; x_wconf 59' lang='lat' dir='ltr'>evicit</span> <span class='ocrx_word' id='word_1_303' title='bbox 684 3117 749 3159; x_wconf 71' lang='lat' dir='ltr'>1⁰F</span> <span class='ocrx_word' id='word_1_304' title='bbox 825 3141 829 3146; x_wconf 89' lang='lat'><em>-</em></span> 
     </span>
    </p>
   </div>
   <div class='ocr_carea' id='block_1_4' title="bbox 475 3193 517 3238">
    <p class='ocr_par' dir='ltr' id='par_1_30' title="bbox 475 3193 517 3238">
     <span class='ocr_line' id='line_1_40' title="bbox 475 3193 517 3238; baseline 0 0"><span class='ocrx_word' id='word_1_305' title='bbox 475 3193 517 3238; x_wconf 72' lang='lat'>605</span> 
     </span>
    </p>
   </div>
   <div class='ocr_carea' id='block_1_5' title="bbox 0 0 1142 3434">
    <p class='ocr_par' dir='ltr' id='par_1_31' title="bbox 0 0 1142 3434">
     <span class='ocr_line' id='line_1_41' title="bbox 0 0 1142 3434; baseline 0 0"><span class='ocrx_word' id='word_1_306' title='bbox 0 0 1142 3434; x_wconf 95' lang='lat' dir='ltr'> </span> 
     </span>
    </p>
   </div>
  </div>
 </body>
</html>
