2275 3434
315 129 430 184 emm
453 128 635 185 semrom
658 129 691 184 u.
786 91 927 197 nri-n.

125 287 256 343 faciatis:
276 289 348 344 haec
367 290 443 344 enim
462 287 614 357 facientes,
637 307 695 345 non
713 289 872 359 peccabitis

125 369 288 439 aliquando.
313 369 361 424 Sic
376 369 649 425 enimabundanter
662 371 873 426 ministrabitur
892 373 923 425 ll
935 390 949 424 J
959 392 1000 433 aa,
1013 393 1060 432 ron.

124 450 209 505 vobis
228 449 362 505 introitus
388 452 417 506 in
444 453 593 506 aeternum
618 469 739 522 regnum
757 451 873 507 Domini

124 531 232 598 nostri,
258 533 287 586 et
312 529 471 587 Salvatoris
489 531 555 586 Iesu
575 530 689 586 Christi.

197 612 318 681 Propter
336 611 413 682 quod
431 611 567 683 incipiam
589 629 641 667 vos
664 627 779 681 semper
797 627 873 666 com·
892 615 926 666 12
935 629 962 664 aa
973 634 991 665 r.

124 708 240 747 monere
263 693 298 748 de
319 693 378 748 his:
399 696 428 749 et
448 692 563 763 quidem
578 693 705 748 scientes
724 696 753 748 et
772 692 873 747 confir·

124 776 220 828 matos
234 790 287 828 vos
301 774 331 829 in
340 774 487 843 praesenti
497 773 629 829 veritate.
655 775 765 829 lustum
775 776 873 828 autem
893 775 926 828 13
936 794 946 825 r
958 793 976 825 n
987 795 1027 834 m,
1102 792 1107 803 ¹

125 854 249 910 arbitror
276 855 413 924 quamdiu
441 871 505 910 sum
537 855 567 909 in
595 854 650 909 hoc
677 853 872 920 tabemaculo,

124 935 268 990 suscitare
285 953 336 990 vos
362 935 391 990 in
415 935 649 991 commonitione:
675 938 771 990 certus
796 933 872 1005 qubd
892 937 1048 1003 liranis.

124 1017 208 1072 velox
227 1020 272 1072 est
292 1015 432 1087 depositio
446 1015 625 1071 tabernaculi
643 1017 701 1072 mei
715 1015 873 1070 secundum

124 1096 202 1166 quod
221 1103 250 1151 et
267 1096 407 1152 Dominus
426 1099 525 1152 noster
538 1097 619 1152 lesus
635 1096 767 1152 Christus
785 1095 873 1166 signi·

101 1176 223 1231 fficavit
241 1177 318 1232 mihi.
347 1177 430 1232 Dabo
446 1180 542 1232 autem
557 1193 674 1246 operam
693 1180 722 1232 et
741 1176 873 1246 frequen·
892 1177 1009 1238 lbann.

124 1261 169 1313 ter
187 1257 293 1312 habere
311 1275 363 1312 vos
382 1261 450 1328 post
469 1257 579 1314 obitum
598 1274 701 1326 meum,
720 1260 753 1313 ut
771 1259 872 1312 horum

124 1339 291 1394 memoriam
311 1339 433 1394 faciatis

196 1418 261 1473 Non
286 1420 361 1474 enirn
387 1418 488 1475 doctas
515 1419 630 1474 fabulas
656 1420 749 1475 secuti
774 1422 872 1474 notam
892 1421 1010 1480 lousa.

124 1501 247 1556 fecimus
265 1499 348 1555 vobis
366 1500 480 1556 Domini
499 1499 592 1556 nostri
610 1500 675 1555 lesu
692 1499 799 1556 Christi
817 1501 873 1555 vir·

125 1584 226 1649 tutem,
246 1584 275 1636 et
293 1579 502 1650 praesentiam:
522 1578 575 1635 sed
590 1581 787 1650 speculatores
802 1580 873 1634 facti

125 1661 200 1716 illius
228 1660 442 1732 magnitudinis.
484 1661 636 1730 Accipiens
664 1661 740 1716 enim
768 1678 786 1715 a
810 1661 872 1715 Deo
892 1663 926 1716 17
936 1678 964 1711 m
975 1678 1022 1719 ms.

118 1743 211 1817 *Patre
230 1743 381 1809 honorem,
401 1745 430 1796 et
449 1741 583 1833 gloriam,
608 1757 679 1796 voce
698 1740 817 1810 delapsa
836 1740 873 1796 ad

125 1840 190 1877 eum
209 1821 406 1878 huiuscemodi
425 1839 443 1876 a
460 1821 614 1892 magnifica
631 1821 736 1890 gloria:
755 1821 809 1876 Hic
828 1824 873 1876 est
907 1877 910 1882 .

124 1903 214 1958 Filius
233 1919 314 1958 meus
334 1902 470 1970 dilectus,
490 1902 519 1956 in
540 1918 596 1971 quo
615 1901 685 1955 mihi
704 1902 873 1971 complacui,

124 1984 219 2054 ipsum
246 1984 350 2039 audite.
392 1983 429 2039 Et
455 1983 530 2038 hanc
555 1998 655 2037 vocem
682 1999 736 2037 nos
765 1982 872 2037 audivi·
893 1984 926 2036 18

124 2082 188 2120 mus
208 2064 242 2119 de
262 2066 341 2120 caelo
361 2065 486 2132 allatam,
506 2080 571 2118 cum
586 2080 716 2119 essemus
730 2080 795 2117 cum
809 2063 872 2132 ipso

89 2145 154 2207 (5lin
186 2149 284 2201 monte
317 2149 426 2202 sancto.
477 2145 514 2200 Et
547 2145 688 2199 habemus
719 2143 873 2198 firmiorem
893 2146 926 2197 19

124 2227 324 2296 propheticum
350 2242 524 2282 sennonem:
555 2225 601 2280 cui
629 2223 801 2280 benefacitis
830 2226 873 2279 at-

102 2306 277 2363 ttendentes
293 2307 375 2376 quasi
384 2307 537 2361 *lucernae
550 2305 659 2361 lucenti
673 2305 702 2359 in
717 2304 872 2374 caliginoso

123 2389 186 2444 loco
206 2387 296 2442 donec
315 2387 376 2442 dies
401 2387 561 2456 elucescat,
586 2389 615 2441 et
640 2385 742 2440 lucifer
765 2385 873 2441 oriatur

124 2469 153 2523 in
179 2467 312 2524 cordibus
338 2467 458 2524 vestris:
485 2466 539 2522 hoc
564 2467 688 2539 primum
713 2465 872 2534 intelligen-
890 2468 927 2519 20

124 2553 169 2605 tes
190 2548 266 2619 quod
285 2548 377 2604 omnis
400 2548 552 2618 prophetia
572 2547 737 2617 Scripturae
756 2547 872 2616 propria

124 2629 361 2700 interpretatione
393 2645 450 2684 non
482 2628 523 2684 fit.
569 2628 633 2683 Nou
666 2627 741 2682 euim
773 2628 871 2682 volun·
889 2628 1060 2689 ssliramn.

124 2714 186 2767 tate
210 2711 336 2765 humana
360 2711 448 2765 allata
467 2712 513 2764 est
531 2707 684 2780 aliquando
702 2708 869 2777 prophetia:

177 2870 204 2907 12
219 2874 302 2908 -vos
321 2861 348 2905 2⁰
369 2860 455 2916 [ma
537 2868 562 2905 13
582 2861 607 2904 lu
627 2860 816 2906 incommotione
834 2859 872 2901 ΓΙ

124 2923 300 2976 15et1utF²
317 2925 321 2980 Ι
339 2923 603 2978 vosr÷p0ssitisr²
621 2924 624 2977 Ι
641 2922 873 2977 horumomniumg

124 2997 151 3034 16
164 2987 313 3044 indoctas&
335 2989 338 3040 Ι
357 2987 460 3032 facimus
475 2987 522 3041 F!
544 3007 568 3019 -
584 2987 609 3030 et
622 2998 701 3041 praee.
717 2990 741 3030 A
791 2993 818 3030 17
831 2986 872 3029 da-

123 3052 222 3097 labsam
235 3051 283 3105 ΕΙ
306 3072 329 3085 -
345 3061 360 3094 a
374 3049 401 3092 2⁰
414 3052 440 3092 F
458 3050 462 3102 Ι
483 3049 621 3104 conplacuit
635 3050 660 3090 F
672 3065 704 3102 pr
718 3049 781 3093 bene
794 3047 833 3090 F²
857 3049 861 3100 t
952 3079 955 3085 .

126 3137 149 3152 -
157 3114 203 3170 ips.
214 3114 269 3158 aud.
279 3112 393 3168 [ΜΔΕ
417 3119 444 3157 19
452 3112 560 3156 lucescat
571 3110 679 3166 affl
693 3111 771 3163 >luo
780 3109 873 3156 (licen¹

486 3191 528 3236 593
827 3197 855 3235 38
