2275 3434
218 163 404 235 raas-ms.
437 166 557 223 Acrvs
576 160 857 222 Aposroroavn.

271 330 376 395 caetra,
401 332 430 383 et
448 327 568 397 flagellis
587 328 678 395 caedi,
701 332 731 383 et
749 327 875 397 torqueri
895 343 969 393 eum,
987 330 1018 381 ut

271 406 358 463 sciret
383 412 499 477 propter
524 425 610 478 quam
630 424 747 462 oausam
765 408 808 462 sic
826 408 1019 461 acclamarent

73 510 134 551 aaa
149 488 253 550 aranda
272 488 306 543 ei.
349 488 386 544 Et
418 506 482 543 cum
513 488 716 543 astrinxissent
743 504 808 543 eum
835 488 918 554 loris,
952 487 1020 541 dicit

273 569 380 640 astanti
406 570 460 623 sibi
485 569 650 623 Centurioni
674 569 795 623 Paulus:
821 568 852 623 si
876 568 1021 622 hominem

272 650 429 703 Romanum
455 653 484 703 et
508 648 705 703 indemnatum
728 649 795 703 iicet
818 648 900 703 vobis
924 648 1023 716 fiagel-

218 734 253 783 26
273 730 351 785 lare?
389 729 451 799 Quo
477 729 588 796 audito,
614 728 750 784 Centurio
774 728 897 783 accessit
917 727 955 782 ad
974 728 1023 782 tri·

271 811 389 877 bunum,
408 814 437 864 et
455 810 604 864 nunciavit
622 809 657 875 ei,
676 808 789 863 dicens:
809 808 883 878 Quid
903 812 1024 862 acturus

219 896 252 946 27
273 891 324 944 es?
350 890 396 943 hic
421 887 496 944 enim
520 890 606 944 homo
624 890 695 942 civis
714 889 858 943 Romanus
877 893 931 943 est.
970 889 1024 942 Ac·

273 970 377 1024 cedens
397 972 493 1024 autem
512 970 653 1035 tribunus
673 969 745 1024 dixit
763 969 817 1023 iili:
836 968 890 1022 Dic
908 968 980 1022 mihi
999 969 1025 1022 si

219 1056 254 1106 28
273 1055 305 1104 tu
328 1050 472 1104 Romanus
496 1051 548 1104 es?
590 1051 627 1103 At
651 1049 696 1104 iile
720 1049 805 1105 dixit:
833 1049 937 1103 Etiam.
966 1049 1026 1103 'Et

273 1129 421 1199 respondit
443 1129 591 1184 tribunus:
615 1130 675 1199 Ego
694 1131 786 1184 multa
803 1146 916 1183 summa
935 1130 1027 1183 civili·

273 1212 363 1264 tatem
386 1210 459 1265 hanc
483 1213 655 1264 consecutus
674 1226 745 1266 aum.
784 1208 820 1264 Et
838 1209 946 1264 Paulus
967 1210 1025 1264 ait:

219 1297 254 1347 ‘29
274 1289 333 1359 Ego
366 1294 463 1345 autem
495 1293 524 1345 et
556 1294 643 1345 natus
675 1306 747 1344 sum.
790 1289 926 1343 Protinus
954 1306 1025 1360 ergo

274 1371 468 1425 discesserunt
494 1370 530 1424 ab
556 1371 617 1438 illo,
642 1369 691 1440 qui
714 1387 779 1424 eum
803 1370 905 1425 torturi
931 1375 1024 1425 erant.

274 1450 416 1505 Tribunus
448 1466 561 1520 quoque
591 1451 687 1505 timuit
715 1454 869 1520 postquam
897 1451 1026 1518 rescivit,

274 1532 341 1600 quia
369 1531 438 1584 civis
464 1531 610 1585 Romanus
638 1536 730 1598 esset,
759 1535 787 1585 et
813 1530 880 1599 quia
909 1531 1027 1601 alligas-

274 1614 320 1665 set
339 1626 411 1666 eum.

220 1698 256 1749 30
345 1690 465 1746 Postera
484 1695 581 1745 autem
598 1692 643 1746 die
658 1692 756 1746 volens
771 1690 847 1752 seire
858 1690 1027 1759 diligentius

275 1788 332 1841 qua
357 1788 392 1825 ex
419 1788 507 1825 causa
533 1774 718 1826 accusaretur
743 1788 760 1825 a
784 1771 913 1837 Iudaea,
939 1773 1025 1826 solvit

275 1870 352 1918 eum,
372 1856 401 1906 et
419 1852 505 1905 iussit
523 1851 689 1906 sacerdotes
708 1852 871 1918 convenire,
890 1854 921 1905 et
941 1867 1021 1907 omne

275 1930 433 1998 concilium,
453 1935 482 1985 et
500 1930 662 2001 producens
678 1930 807 1998 Paulum,
826 1930 931 1985 statuit
951 1932 1024 1986 inter

89 2037 140 2077 aaa
152 2035 210 2081 aaa,
222 2004 264 2080 23
275 2013 346 2066 illos.
411 2010 564 2065 Intendens
584 2016 680 2066 autem
700 2013 727 2065 in
748 2010 897 2066 concilium
916 2002 1067 2094 Paulus‘ffi

276 2093 331 2146 ait:
358 2091 416 2146 Viri
440 2091 559 2158 fratreS,
585 2108 639 2161 ego
658 2092 734 2147 omni
753 2092 929 2146 conscientia
948 2092 1027 2147 bona
1043 2065 1075 2106 “³

276 2176 463 2227 conversatus
482 2188 544 2226 sum
566 2177 633 2227 ante
647 2172 739 2226 Deum
758 2188 849 2241 usque
867 2171 897 2226 in
912 2172 1028 2227 hodier-

98 2275 212 2317 Jraasa
240 2260 342 2317 dnum
386 2252 470 2306 diem.
524 2252 662 2322 Princeps
705 2256 801 2307 autem
842 2253 1027 2308 sacerdotum

276 2333 402 2387 Ananias
429 2333 578 2402 praecepit
605 2333 768 2388 astantibus
793 2333 848 2387 sibi
873 2338 1028 2401 percutere

114 2436 142 2469 m
153 2436 212 2476 aar.
241 2420 308 2470 3os
334 2413 402 2467 eius.
440 2413 520 2467 Tunc
538 2413 646 2468 Paulus
669 2413 742 2467 dixit
761 2413 798 2467 ad
817 2430 895 2467 eum:
922 2412 1027 2466 Percu-

77 2482 212 2567 ”mffvffissj
277 2493 329 2547 tiet
352 2497 381 2547 te
401 2493 494 2559 Deua,
520 2494 616 2562 paries
635 2493 776 2548 dealbate.
813 2493 849 2546 Et
867 2498 899 2546 tu
918 2493 1027 2546 sedens

277 2574 387 2627 iudicas
406 2590 451 2627 me
470 2574 626 2627 secundum
646 2575 746 2642 legem,
766 2577 795 2627 et
813 2576 913 2626 contra
931 2574 1026 2640 legem

240 2661 258 2710 4
277 2654 358 2708 iubes
377 2670 423 2707 me
441 2654 572 2723 percuti?
600 2654 637 2708 Et
653 2655 701 2723 qui
721 2654 857 2707 astabant
876 2652 1025 2706 dixerunt:

330 2830 357 2867 25
370 2823 432 2867 dixit

330 2894 356 2928 26
371 2907 395 2918 -
410 2886 433 2929 ei

331 2954 357 2991 27
372 2948 433 2990 -si

331 3016 357 3051 28
371 3009 497 3053 civitatem

332 3071 389 3125 aar
405 3093 428 3104 -
444 3073 469 3114 in
485 3073 509 3113 1⁰

331 3134 429 3183 3>ad
446 3144 498 3176 aum
513 3133 560 3177 dix.

622 3212 664 3257 372
