2275 3434
288 158 406 215 ACTVS
430 160 712 215 APOSTOLORVM.
762 160 918 228 lale-aa.

114 320 231 391 quidem
260 324 338 375 esset
365 321 494 390 iniquum
522 321 645 391 aliquid,
675 326 726 377 aut
753 322 865 377 facinus

114 401 273 469 pessimum
292 419 309 456 o
325 401 379 455 viri
394 400 501 468 Iudaei,
520 405 598 456 recte
615 419 667 456 vos
684 401 865 463 sustinerem,

114 481 144 536 Si
165 498 233 536 vero
253 482 437 551 quaestiones
461 486 530 537 sunt
548 482 585 536 de
603 483 703 549 verbo,
727 486 757 537 et
776 483 865 537 norni-
886 485 942 537 15³
954 505 1011 544 ian.

112 562 208 628 nibuS,
228 567 258 616 et
277 562 339 631 lege
354 565 460 629 vestra,
479 578 530 616 vos
544 562 601 631 ipsi
615 562 757 617 videritis:
776 562 865 617 ludex

113 659 166 710 ego
191 647 293 696 norum
316 643 381 696 nolo
404 658 477 697 esse.
515 642 552 696 Et
570 642 692 697 minavit
710 660 760 698 eos
779 660 797 697 a
815 643 864 697 tri-
884 647 918 699 16

111 722 220 776 bunali.
247 722 502 791 Apprehendentes
522 726 620 777 autem
633 740 733 778 omnes
747 722 864 778 Sosthe·
885 726 938 777 171
950 744 968 777 n
980 746 1016 786 1,1.

112 818 176 856 nem
195 802 355 871 principem
374 818 554 872 synagogae,
579 803 781 872 percutiebant
799 820 864 858 eum

111 887 179 937 ante
205 882 347 937 tribunal:
373 886 403 938 ei
426 884 496 937 nihil
519 900 618 938 eorum
637 883 760 939 Gallioni
778 900 863 938 curae

111 967 183 1018 erat.
256 963 362 1019 Paulus
386 980 452 1018 vero
477 980 544 1017 oum
564 964 658 1017 adhuc
676 964 863 1019 sustinuisset
884 967 917 1018 18
927 986 1002 1025 arana

114 1042 172 1098 nes
192 1044 315 1110 munos,
341 1044 479 1098 fratribus
498 1044 689 1110 valefaciens,
714 1044 863 1114 navigavit
927 1030 1034 1073 nsaw.

112 1123 138 1177 in
162 1124 293 1193 Syriam,
319 1128 361 1191 (et
385 1141 450 1179 eum
475 1141 512 1179 eo
527 1124 673 1191 Priscilla,
698 1129 729 1180 et
747 1124 861 1193 Aquila)

111 1204 158 1273 qui
174 1204 232 1258 sibi
246 1203 412 1259 totonderat
425 1204 455 1259 in
468 1204 605 1259 Cenchris
618 1208 719 1275 caput:
735 1204 862 1259 habebat

109 1284 186 1338 enim
213 1287 320 1341 votum.
358 1284 537 1355 Devenitque
555 1285 717 1354 Ephesum,
742 1289 774 1341 et
797 1286 861 1341 illos
882 1290 915 1341 19

108 1364 148 1418 ihi
175 1364 297 1433 reliquit.
335 1364 400 1433 lpse
419 1381 486 1419 vero
506 1366 655 1435 ingressus
674 1382 860 1435 synagogam,

108 1444 279 1514 disputabat
308 1462 371 1499 cum
396 1445 518 1500 Iudaeis.
555 1446 735 1516 Rogantibus
763 1450 861 1502 autern
879 1452 915 1501 20

107 1525 149 1580 eis
171 1529 204 1579 ut
224 1526 353 1594 ampliori
368 1530 497 1595 tempore
512 1529 651 1594 maneret,
670 1544 727 1581 non
742 1544 860 1582 consen·

107 1606 154 1673 sit,
167 1606 172 1644 ¹
184 1605 236 1660 sed
246 1606 430 1673 valefaciens,
445 1611 475 1661 et
488 1606 596 1674 dieenS,
612 1608 717 1663 lterum
732 1611 860 1662 revertar
878 1612 912 1662 21
924 1627 941 1660 a
952 1630 999 1670 1,1o.

107 1686 144 1741 ad
164 1702 218 1741 vos
232 1686 293 1741 Deo
313 1687 435 1754 volente,
453 1686 601 1756 profectus
620 1692 666 1742 est
685 1689 721 1741 ab
736 1686 859 1756 Epheso,
923 1673 1022 1758 §J‘gssssf'

107 1766 143 1821 nt
164 1765 343 1821 descendens
363 1765 548 1834 Caesaream,
573 1767 716 1835 aseendit,
735 1772 765 1822 et
783 1767 859 1821 salu·
877 1774 982 1830 ‘mna

107 1847 182 1902 tavit
200 1846 367 1912 Ecclesiam,
387 1850 416 1901 et
435 1846 585 1901 descendit
600 1847 790 1902 Antiochiam.
823 1846 859 1902 Ei
878 1854 913 1903 23

108 1926 185 1983 lacto
220 1925 260 1979 ibi
293 1927 439 1995 aliquanto
468 1930 597 1995 tempore
629 1928 776 1995 profectus
804 1931 858 1993 est,

112 2006 311 2073 perambulans
336 2024 372 2061 ex
397 2005 496 2060 ordine
518 2006 679 2061 Galaticam
704 2008 857 2076 regionem,

111 2089 137 2140 et
153 2085 319 2156 Phrygiam,
338 2087 509 2142 confirmans
528 2102 628 2141 omnes
647 2086 811 2156 discipulae.

77 2171 102 2231 51
178 2166 302 2222 Iudaeus
329 2170 424 2223 autem
451 2166 583 2236 quidam,
608 2167 710 2236 Apollo
734 2168 857 2235 nomine,
875 2175 1009 2232 24ικε,ο.

77 2230 317 2303 ‘·⁰’Alexandrinus
344 2264 463 2316 genere,
491 2246 535 2301 vir
562 2248 712 2316 alequam,
741 2247 857 2304 devenit

106 2327 267 2397 Ephesum,
301 2332 405 2398 potens
437 2328 465 2381 in
498 2327 657 2396 scriptmia
708 2328 762 2381 Hic
794 2334 1068 2429 eratsslip,a³p⁵12,11.

937 2407 950 2438 p
973 2419 979 2438 ,
1003 2418 1009 2429 ι

106 2408 226 2463 edoctus
251 2408 328 2462 viam
347 2407 479 2463 Domini:
505 2412 535 2463 et
561 2407 676 2463 fervens
696 2408 799 2478 spiritu
817 2410 856 2464 lo·

106 2488 256 2558 quatiatur,
275 2493 305 2543 et
324 2487 446 2544 docebat
463 2488 614 2559 diligenter
632 2506 675 2557 ea,
694 2506 768 2558 quae
787 2494 855 2546 sunt

159 2852 185 2889 15
199 2845 220 2900 2
236 2866 259 2879 -
275 2847 300 2890 et
313 2845 340 2887 2⁰
365 2847 368 2898 l
394 2845 451 2901 w
464 2846 529 2900 legis
543 2850 641 2892 vestrae

159 2923 185 2959 17
199 2917 331 2961 sosthenen

159 2994 185 3031 re
199 3010 222 3023 -
236 2988 262 3033 in
287 2989 291 3043 Ι
316 2988 475 3034 totonderant
488 2990 647 3037 ethabebant
672 2994 676 3042 Ι
701 2991 795 3037 cencris

160 3066 185 3103 aa
199 3060 220 3115 a
234 3048 358 3105 sueciam

160 3137 185 3178 24
199 3142 253 3189 gen.
270 3137 278 3186 ]
294 3132 394 3179 natione
