2275 3434
243 151 402 217 iiim—29.
481 153 681 209 SECVNDVM
708 153 840 208 LVCAM.

298 312 416 368 dimittit
404 318 570 368 tuxorem
607 331 758 382 suam,e
743 317 772 368 et
807 316 846 367 alt
848 329 927 367 eram
961 312 1050 376 ducit,

297 394 429 449 moechat
417 399 477 449 t:ur
509 400 539 450 et
571 395 619 464 qui
649 395 796 450 dimissam
825 413 843 448 a
870 394 932 447 viro
962 392 1051 457 ducit

245 475 277 524 19
297 475 429 529 moechat
417 478 472 528 tur.
527 476 619 530 Homo
646 474 763 544 quidam
788 479 851 529 erat
875 473 975 540 dives,
1001 466 1084 544 quiz

297 554 470 609 induebatur
487 571 629 624 purpura,
654 560 683 610 et
700 555 845 624 byssore
829 515 1051 623 etepulabatur

243 637 278 687 90
297 634 424 703 quottidie
443 635 665 705 splendidaEt
683 640 745 694 erat
760 635 876 704 quidam
890 633 1048 698 mendicus,

297 716 411 770 nomine
430 716 566 782 Lazarus
586 716 634 784 qui
653 716 767 771 iacebat
787 715 824 770 ad
842 715 960 769 ianuam
980 715 1049 780 eiua,

135 813 163 846 ut
175 815 232 855 ran.
243 798 275 848 al
297 796 439 850 ulceribus
463 797 580 865 manua,
597 798 601 835 ¹
618 796 736 865 cupiens
759 795 884 850 saturari
903 795 939 849 de
958 795 1050 854 micis.

297 893 371 946 quae
390 877 534 931 cadebant
553 877 588 931 de
607 893 707 932 mensa
727 875 839 942 divitia,
858 880 887 930 et
906 892 993 931 nemo
1012 877 1051 929 illi

297 956 400 1011 dabat:
427 957 478 1012 aed
503 962 532 1012 et
551 974 638 1011 canes
657 957 826 1023 veniebant,
853 955 1052 1026 attingebant

155 1040 277 1098 n1‚u.22
296 1038 392 1091 ulcera
412 1038 482 1092 eius
520 1039 640 1093 Factum
659 1042 704 1092 est
724 1040 821 1092 autern
840 1042 871 1090 ut
890 1040 1051 1092 moreretur

297 1117 459 1180 mendicus,
483 1124 512 1173 et
530 1121 695 1188 portaretur
714 1117 750 1172 ab
769 1117 885 1186 Angelis
904 1117 934 1170 in
954 1118 1050 1172 sinum

297 1198 437 1253 Abrahae.
481 1199 610 1254 Mortuus
638 1203 683 1253 est
711 1202 808 1253 autem
835 1201 865 1251 et
893 1195 992 1264 duaa,
1021 1202 1050 1251 et

243 1280 278 1330 ‘23
297 1279 428 1348 sepultus
448 1282 494 1334 est
508 1281 536 1333 in
551 1279 671 1334 inferno.
700 1279 823 1332 Elevans
837 1281 935 1331 autem
951 1277 1050 1332 oculos

297 1376 378 1425 suaa,
398 1377 463 1413 eum
482 1363 560 1414 esset
579 1361 608 1414 in
626 1359 791 1424 tormentis5
811 1357 884 1412 vidit
901 1357 1049 1411 Abraham

242 1440 278 1490 at
297 1457 314 1492 a
339 1442 435 1509 longe,
462 1444 491 1494 et
509 1441 651 1494 Lazarum
678 1439 706 1492 in
732 1439 796 1492 sinu
823 1437 898 1491 eius:
937 1441 967 1491 et
987 1438 1049 1506 ipse
1118 1475 1119 1496 2

296 1521 424 1574 clamans
462 1519 548 1574 dixit:
591 1520 678 1575 Pater
714 1519 874 1584 Abraham,
911 1518 1048 1573 miserere

296 1600 360 1666 mei,
380 1603 409 1654 et
428 1600 510 1654 mitte
528 1600 670 1653 Lazarum
689 1603 721 1653 ut
742 1598 866 1666 intingat
887 1602 1047 1653 extremum

297 1680 380 1750 digiti
410 1680 454 1734 sui
485 1681 514 1734 in
543 1697 648 1749 aquarn
676 1684 708 1733 ut
737 1678 888 1748 refrigeret
920 1678 1047 1748 linguam

184 1762 277 1819 unffi
296 1777 397 1827 meam,
417 1761 485 1829 quia
503 1761 614 1815 crucior
635 1761 663 1814 in
685 1761 739 1814 hac
757 1759 880 1814 flamma.
917 1759 955 1813 Et
975 1758 1047 1812 dixit

297 1840 335 1893 illi
360 1841 520 1895 Abraham:
549 1841 615 1907 Fili,
641 1839 790 1895 recordare
817 1840 885 1909 quia
911 1839 1048 1909 recepisti

296 1921 373 1974 bona
395 1920 424 1974 in
449 1921 509 1975 vita
531 1925 590 1987 tua,
614 1925 643 1974 et
662 1921 787 1974 Lazarus
807 1920 937 1975 similiter
955 1921 1049 1974 maia:
1117 1947 1118 1952 1

296 2017 372 2054 nune
390 2005 485 2055 autem
506 2001 551 2055 hie
572 2001 743 2068 consolatur,
762 2005 794 2055 tu
814 2017 880 2055 vero
900 2000 1049 2055 cruciaria.

242 2085 277 2134 ‘26
297 2085 326 2134 et
350 2081 379 2134 in
404 2080 449 2134 his
475 2081 607 2136 omnibus
634 2081 709 2136 inter
733 2098 799 2148 noa,
826 2084 854 2135 et
880 2097 931 2134 vos
958 2081 1050 2136 chaos

296 2177 432 2231 magnum
463 2162 608 2216 firmatum
641 2165 700 2216 est:
733 2165 766 2215 ut
792 2161 837 2228 hi,
870 2161 918 2230 qui
947 2163 1049 2216 volrmt

296 2243 362 2296 hine
391 2242 515 2296 transire
543 2241 581 2296 ad
609 2259 676 2309 voa,
708 2259 764 2296 non
792 2242 920 2310 possint,
953 2257 1050 2311 neque

242 2326 276 2376 27
296 2322 362 2376 inde
395 2322 450 2376 huc
482 2327 667 2377 transmeare.
715 2323 751 2375 ΕΓ
779 2322 837 2376 ait:
870 2321 949 2390 Rogo
979 2338 1049 2391 erga
1116 2321 1117 2348 ³

296 2407 326 2456 te
358 2406 441 2471 pater
472 2407 505 2457 ut
532 2403 632 2457 mittas
661 2419 726 2456 eum
754 2403 782 2455 in
812 2402 925 2456 domum
954 2404 1050 2470 patris

242 2487 278 2536 28
296 2483 360 2536 mei.
397 2482 490 2536 habeo
517 2483 592 2536 enim
617 2483 742 2551 quinque
761 2482 881 2548 fratres,
906 2485 939 2536 ut
958 2486 1050 2536 teste-

297 2567 344 2618 tur
368 2563 439 2630 illis,
465 2579 501 2616 ne
527 2565 557 2616 et
583 2563 637 2631 ipsi
663 2563 781 2617 veniant
806 2563 835 2616 in
859 2563 934 2616 hune
953 2563 1048 2616 locum

136 2648 277 2705 arraudi}
296 2647 511 2697 tormentoruni.
548 2643 585 2696 ΕΓ
612 2643 652 2696 ait
678 2643 714 2696 illi
741 2643 901 2697 Abrabam:
930 2642 1049 2696 Habent
1115 2665 1116 2668 ¹

350 2819 376 2855 18
392 2817 414 2861 >
430 2811 484 2855 dua.
500 2811 543 2854 alt.

350 2882 376 2916 19
391 2874 431 2925 qui
444 2878 453 2923 ]
468 2876 494 2917 et

349 2942 376 2978 20
391 2936 422 2990 (ξ
436 2935 584 2981 vulneribus)

350 3005 375 3040 21
392 3019 415 3030 -
431 2999 456 3040 at
468 3009 540 3042 uerno
555 2999 571 3042 i.
588 2998 643 3043 stab.

349 3066 376 3101 23
389 3060 490 3104 videbat

351 3128 376 3163 aa
392 3128 413 3170 >
429 3122 475 3166 loe.
491 3123 554 3166 buna

641 3202 682 3246 200
